3728 5256
426 451 494 540 1⁸4
780 446 962 520 novun
988 444 1269 521 cunnrsns

922 641 1013 720 LX
1028 642 1045 719 Ι
1062 641 1079 718 Ι
1094 642 1125 720 Ι.

794 815 806 880 i
825 813 995 896 Augusti,
1019 813 1058 881 1⁶
1080 815 1171 882 Hen.
1192 813 1253 882 v1.

423 968 553 1070 [Η]ῑο
580 969 770 1044 indentura
798 970 973 1068 tripartita
1000 967 1092 1044 sacta
1124 971 1216 1043 inter
1249 968 1428 1069 Majorem
1455 983 1492 1041 et
1522 967 1632 1040 Corn-

422 1072 633 1144 munitatem
665 1071 758 1144 Ville
792 1072 957 1145 Dovorre
991 1097 1034 1144 ex
1069 1097 1138 1145 una
1171 1087 1280 1169 perte,
1314 1094 1352 1142 ac
1387 1069 1566 1171 Majorem
1595 1082 1632 1140 et

423 1172 726 1246 Communitatem
743 1172 837 1245 Ville
853 1171 898 1245 de
915 1171 1125 1246 ffsversham
1142 1197 1186 1244 ex
1203 1187 1300 1272 parte
1316 1171 1435 1261 nitere,
1453 1185 1603 1244 testatur
1620 1193 1631 1254 ;

422 1273 520 1372 quod
550 1296 632 1345 cum
656 1272 809 1372 quedam
834 1273 913 1347 lites
937 1289 972 1346 et
998 1273 1236 1347 controversie
1264 1297 1376 1372 nuper
1404 1273 1496 1346 inter
1516 1285 1633 1370 partes

422 1373 596 1472 predictas
624 1390 745 1447 exorte
775 1372 908 1448 fuerint
937 1375 983 1449 de
1010 1391 1047 1447 et
1074 1401 1115 1448 su
1207 1374 1355 1448 diversis
1378 1372 1632 1458 exactionibus,

422 1474 755 1563 contribucionibus,
769 1475 1094 1574 imposicionibus,t
1141 1476 1238 1574 agiis,
1250 1475 1426 1566 oneribus,
1437 1472 1635 1547 assessioni-

424 1579 500 1665 bus,
511 1594 547 1649 et
557 1577 741 1650 demendis
750 1601 838 1675 quas
849 1577 997 1675 predicti
1013 1577 1135 1676 Major
1144 1593 1180 1650 et
1190 1575 1437 1650 Communitas
1446 1575 1540 1649 dicte
1551 1574 1635 1647 ville

424 1681 639 1766 Dovorre,a
663 1675 830 1776 predictis
856 1678 996 1779 Majore
1021 1694 1057 1751 et
1075 1677 1342 1752 Communitate
1367 1677 1462 1751 dicte
1489 1676 1570 1748 ville
1590 1674 1634 1747 de

425 1778 636 1852 ffaversham
661 1779 863 1875 petiverunt
880 1796 916 1851 et
941 1779 1136 1852 clamabant
1155 1796 1195 1853 ut
1211 1780 1257 1854 de
1277 1778 1358 1880 jure
1376 1777 1532 1876 predicte
1551 1773 1634 1850 ville

424 1881 604 1966 Dovorre,
621 1895 769 1976 excepto
793 1895 828 1952 et
846 1898 1024 1954 reservato
1049 1880 1198 1954 servicio
1222 1881 1371 1955 domino
1395 1894 1518 1951 nostro
1544 1877 1634 1976 Regi

423 1997 460 2053 et
494 1979 680 2053 heredibus
712 1979 784 2053 suis
816 1983 921 2080 super
954 2007 1049 2055 mare
1080 1981 1214 2070 debito,
1248 2007 1287 2054 ac
1320 1979 1517 2054 rationabili
1551 2003 1637 2051 con-

425 2079 622 2155 tribucione
663 2081 706 2154 ad
749 2079 935 2179 quodlibet
968 2083 1179 2180 promissum
1218 2081 1275 2155 vel
1311 2082 1449 2156 donum
1483 2079 1634 2154 Custodi

426 2181 594 2279 Quinque
612 2179 801 2268 Portuum,
819 2183 880 2296 qui
907 2206 973 2280 pro
989 2200 1149 2281 tempore
1165 2181 1284 2270 fuerit,
1301 2182 1494 2256 cumidem
1518 2196 1637 2254 custos

425 2297 680 2355 sacramentum
719 2281 912 2356 Beronibus
960 2284 1153 2357 eorundem
1196 2301 1364 2383 portuum
1407 2307 1473 2382 pro
1512 2307 1634 2355 eorum

425 2383 586 2455 libertate
627 2406 691 2481 per
731 2381 847 2468 ipsum
890 2385 1138 2458 manutenend’
1181 2386 1300 2482 primo
1341 2383 1531 2483 prostiterit
1574 2408 1635 2480 per

426 2483 626 2581 predictum
679 2482 856 2584 Majorem
907 2500 942 2557 et
985 2485 1288 2559 communitatem
1330 2486 1425 2559 dicte
1467 2483 1549 2558 ville
1591 2483 1635 2555 de

427 2582 637 2658 ffaversham
678 2599 714 2656 et
756 2608 969 2660 successores
1010 2611 1106 2675 suos,
1155 2612 1235 2660 curn
1269 2585 1432 2660 acciderit
1475 2582 1636 2672 faciend',

426 2686 612 2760 dumtaxat
644 2702 812 2783 excepta:
858 2686 913 2759 De
939 2687 1069 2802 quibus
1096 2687 1243 2786 quidem
1273 2685 1526 2775 exactionibus,
1552 2709 1637 2758 con-

426 2783 685 2860 tribucionibus
726 2801 762 2858 et
799 2786 994 2877 demandrs,
1032 2789 1187 2886 exceptis
1223 2789 1451 2887 preexceptis,
1494 2787 1637 2860 tandem

429 2887 645 2962 mediacione
687 2887 940 2960 venerabilium
991 2913 1221 2988 personarum
1262 2887 1415 2964 Galfridi
1465 2886 1638 2974 Louther,

427 2987 702 3062 locumtenentis
713 2987 882 3061 Custodis
898 2988 1067 3088 Quinque
1084 2989 1281 3078 Portuum;
1303 2989 1474 3084 Johrnnis
1485 2989 1634 3076 Darelle,

429 3105 465 3162 et
475 3087 616 3161 Thome
627 3087 782 3177 Broune,
793 3089 1088 3189 Armigerorum3
1107 3107 1223 3189 partes
1231 3091 1388 3189 predicte
1398 3104 1637 3164 convenerunt

429 3190 466 3262 in
484 3187 681 3287 formaque
698 3189 913 3288 subscrip[ta
931 3190 1015 3289 est],
1033 3191 1208 3280 videlicet,
1227 3191 1324 3290 quod
1342 3217 1408 3289 pro
1423 3189 1638 3264 omnimodis

429 3288 681 3378 exaccionibus,
698 3290 860 3390 tallagiis,
871 3291 1046 3380 oneribus,
1063 3293 1320 3384 assessionibus,
1337 3291 1635 3390 imposicionibus,

429 3389 763 3481 contribucionibus,
789 3408 825 3464 et
848 3390 1044 3480 demendis,
1067 3394 1223 3491 exceptis
1245 3394 1478 3492 preexoeptis,
1501 3417 1570 3492 que
1595 3392 1640 3465 de

428 3491 560 3564 eisdem
595 3489 735 3589 Majore
762 3506 799 3563 et
833 3490 1099 3566 communitate
1133 3495 1226 3568 dicte
1250 3494 1335 3569 ville
1360 3496 1405 3568 de
1431 3494 1638 3569 ffaversham

430 3592 568 3690 exigere
584 3590 709 3663 habere
726 3592 783 3664 vel
800 3591 948 3666 clamare
965 3609 1133 3691 poterunt
1149 3620 1286 3668 necnon
1298 3620 1404 3669 omne
1415 3595 1476 3696 jus
1491 3593 1638 3668 titulum

428 3708 464 3765 et
482 3691 653 3766 clameum
678 3716 747 3790 que
772 3692 809 3765 in
834 3693 966 3767 eisdem
984 3693 1247 3769 Communitete
1272 3714 1307 3770 et
1330 3695 1415 3771 villu
1430 3695 1559 3768 habent
1581 3695 1639 3771 vel

429 3792 669 3966 quovismodo
680 3791 830 3865 habuere
843 3811 1023 3892 poterunt,
1034 3798 1186 3895 exceptis
1199 3799 1425 3897 preexceptis,
1438 3797 1476 3870 in
1489 3794 1613 3870 futuro
1627 3821 1638 3884 3

449 3911 485 3967 ta
526 3893 624 3993 quod
659 3893 808 3991 predicti
847 3895 968 3996 Major
1008 3913 1044 3970 et
1079 3897 1325 3971 Communitas
1366 3897 1522 3997 predicte
1554 3897 1640 3972 ville

431 3995 596 4069 Dovorre
613 4019 737 4068 eorum
755 3995 899 4069 heredes
915 4012 951 4069 et
967 4021 1180 4071 successores
1195 4000 1241 4073 de
1253 3998 1418 4073 omnibus
1434 3996 1639 4100 hujusmodi

428 4095 683 4185 exaccionibus,
695 4097 995 4194 imposicionibus,
1006 4099 1340 4190 contribucionibus,
1354 4099 1513 4200 tallagiis,
1523 4098 1641 4172 oneri-

431 4196 506 4287 bus,
525 4195 689 4270 omnibus
705 4196 953 4273 assessionibus
968 4215 1004 4273 et
1026 4198 1220 4290 demendis,
1233 4201 1316 4302 jure
1332 4201 1440 4276 titulo
1455 4216 1492 4273 et
1509 4199 1643 4274 clameo
