3702 5256
454 493 529 564 444
816 469 992 546 DOVER
1017 471 1295 548 CHARTERS

930 670 1183 754 cxxxl.

860 843 1250 928 nunpfflumu

453 992 667 1072 Novsnrur
695 997 850 1072 universi
881 1021 944 1098 per
973 1012 1152 1098 presentes
1181 1022 1249 1087 me,
1277 996 1477 1072 Robertum
1494 993 1595 1083 Cure,
1618 993 1667 1068 de

453 1094 536 1168 vilia
564 1097 610 1172 de
640 1098 870 1200 Kyngeetone
898 1123 1004 1197 super
1035 1097 1160 1186 Hulie,
1194 1098 1232 1172 in
1261 1098 1446 1186 Yokessir,
1476 1111 1665 1183 mereator,

455 1197 567 1270 teneri
594 1214 631 1272 et
658 1199 807 1274 firmiter
834 1199 984 1300 obligari
1013 1198 1164 1274 Nicolao
1190 1199 1418 1298 Mychclson,
1445 1198 1491 1272 de
1517 1197 1602 1270 villa
1618 1196 1667 1270 de

455 1295 577 1396 Claye,
627 1299 664 1374 in
709 1301 893 1375 Comitatu
935 1299 1157 1390 Northfoke,
1200 1300 1402 1389 marinario,
1441 1300 1478 1372 in
1520 1313 1665 1372 eentum

456 1399 581 1472 marcis
621 1399 713 1474 bone
754 1417 792 1474 et
831 1400 954 1502 legalis
987 1416 1128 1476 monete
1170 1400 1303 1502 Anglie
1344 1399 1504 1475 solvend'
1546 1397 1664 1472 eidem

455 1499 606 1574 Nicolao
634 1500 858 1601 Mychclson,
876 1520 937 1577 aut
953 1527 1019 1577 suo
1045 1518 1143 1578 certo
1158 1517 1350 1591 attornato,
1368 1499 1566 1588 heredibus,
1582 1523 1666 1574 exe-

455 1600 651 1692 cutoribus,
680 1602 736 1676 vel
763 1603 828 1677 assi
856 1603 946 1678 natis
971 1603 1054 1693 suis,
1082 1603 1126 1677 sd
1152 1627 1261 1703 quam
1282 1603 1429 1703 quidem
1444 1601 1663 1674 solucionem

455 1701 543 1774 bene
571 1717 608 1777 et
636 1701 788 1778 fideliter
832 1703 965 1778 aciend’
995 1702 1118 1804 obligo
1146 1728 1203 1778 me
1219 1704 1376 1791 herodes,
1393 1717 1610 1792 executores,
1627 1717 1663 1774 et

454 1802 650 1901 assignatos
675 1828 774 1878 meos
799 1803 948 1878 firmiter
973 1830 1037 1903 per
1057 1822 1248 1903 presentes,
1265 1804 1384 1904 sigillo
1400 1828 1481 1877 mco
1496 1801 1662 1903 sigillato.

532 1903 667 1977 Datum
701 1904 773 2006 xvij
809 1905 867 1980 die
900 1905 1049 2003 Aprillis
1081 1931 1176 1979 anno
1220 1905 1320 2005 regni
1364 1903 1509 1979 domine
1543 1919 1665 1977 nostre

456 2002 676 2093 Eiizabethe,
693 2005 750 2079 dei
767 2006 885 2104 gracia
900 2007 1044 2106 Anglie,
1068 2005 1224 2096 Francie,
1250 2023 1287 2080 et
1312 2005 1491 2081 Hibernis
1516 2005 1666 2104 Regine,

456 2103 538 2179 fidei
555 2103 762 2194 defensoris,
779 2121 859 2197 ete,
877 2123 1016 2181 octavo.
1068 2111 1179 2182 Anno
1203 2107 1310 2204 1566.
