3718 5284
785 437 962 511 DOVER
988 437 1264 513 CHARTERS

1004 641 1057 724 V.

827 813 933 881 Anno
952 828 982 896 2,
1006 815 1163 884 Edward
1186 815 1213 882 1.

423 965 571 1041 Semne
588 984 767 1066 presentes
782 985 819 1043 et
835 966 948 1043 futuri
965 970 1063 1068 quod
1081 995 1149 1069 ego
1166 969 1281 1043 Alicia
1297 969 1368 1043 filia
1382 967 1563 1043 Benedicti
1577 967 1630 1038 Le

426 1066 534 1140 Riche
551 1069 596 1142 de
621 1070 780 1146 Dovoria
805 1071 842 1144 in
869 1070 958 1172 legia
985 1071 1158 1147 viduitate
1184 1088 1220 1145 et
1243 1087 1416 1170 potestate
1445 1095 1522 1144 mea
1546 1067 1629 1142 dedi

424 1170 577 1242 concessi
594 1187 631 1245 et
648 1172 799 1270 presenti
818 1189 911 1246 carta
938 1197 1013 1246 mea
1030 1173 1236 1247 confirmavi
1256 1171 1441 1248 Willelmo
1465 1171 1512 1244 de
1535 1169 1630 1242 Aula

427 1268 589 1343 Dovorie
631 1289 785 1371 quatuor
831 1274 994 1349 denarios
1033 1275 1141 1347 annui
1176 1273 1337 1348 redditus
1377 1297 1458 1346 cum
1491 1271 1630 1344 releviis

423 1371 592 1446 eschaetis
607 1375 733 1448 exinde
751 1375 1041 1473 provenientibus
1056 1391 1092 1449 et
1113 1375 1278 1450 omnibus
1302 1374 1379 1448 aliis
1404 1371 1630 1472 pertinenciis

422 1471 506 1562 suis,
523 1499 614 1572 quos
631 1476 736 1549 michi
749 1477 930 1550 annuatim
948 1477 1094 1551 reddere
1118 1477 1277 1550 solebant
1294 1476 1438 1548 heredes
1455 1472 1630 1561 Matildis,

422 1575 605 1671 quondam
631 1577 753 1649 uxoris
776 1577 913 1650 domini
937 1577 1035 1650 Petri
1065 1577 1110 1650 de
1132 1577 1272 1650 Burton
1299 1576 1433 1667 militis,
1464 1575 1629 1649 videlicet

423 1675 468 1748 ad
485 1672 615 1749 festum
632 1677 749 1751 Sancti
777 1678 975 1767 Michaelis,
993 1679 1039 1752 de
1064 1678 1212 1752 dimidia
1237 1702 1315 1752 acra
1331 1694 1424 1750 terre
1450 1701 1530 1750 cum
1548 1699 1630 1772 per-

423 1775 584 1850 tinenciis
602 1803 672 1877 que
684 1781 777 1879 jacet
795 1779 832 1851 in
848 1795 973 1853 tenura
988 1779 1033 1851 de
1050 1778 1223 1853 Cherlton
1234 1778 1340 1879 juxta
1358 1777 1504 1878 Regiam
1523 1777 1627 1863 viam,

424 1901 494 1976 que
522 1877 622 1951 ducit
647 1879 692 1953 de
719 1879 878 1978 prioratu
904 1881 949 1955 de
977 1881 1137 1954 Dovoria
1166 1905 1276 1979 usque
1302 1880 1347 1954 ad
1373 1879 1625 1977 Stapingdune

423 1978 586 2052 Tenend'
620 1995 656 2052 et
683 1981 832 2054 habend'
865 1979 932 2053 sibi
962 1997 998 2054 et
1022 1980 1208 2054 heredibus
1236 1981 1308 2054 suis
1345 1997 1381 2053 et
1420 1979 1629 2077 cuicumque

421 2103 483 2151 seu
500 2079 783 2182 quibuscumque
799 2082 883 2156 dare
901 2081 1053 2155 vendere
1070 2081 1126 2154 vel
1143 2081 1318 2181 assignare
1334 2081 1501 2171 voluerit,
1520 2079 1629 2153 libere

422 2180 542 2278 quiete
558 2180 646 2254 bene
661 2199 697 2255 et
715 2183 751 2255 in
768 2208 851 2280 pace
862 2183 944 2284 jure
961 2181 1174 2257 hereditario
1190 2184 1450 2280 inperpetuum,
1468 2179 1628 2254 ffaciend'

423 2281 505 2354 inde
522 2283 704 2357 annuatim
721 2283 828 2356 michi
844 2301 881 2357 et
899 2282 1087 2357 heredibus
1102 2285 1190 2356 meis
1206 2284 1393 2357 servicium
1419 2281 1524 2356 unius
1539 2281 1628 2355 clavi

423 2380 587 2480 gariofilli
605 2382 649 2457 ad
667 2382 797 2458 festum
815 2383 1023 2458 Natiuitatis
1042 2385 1158 2458 Sancti
1183 2384 1355 2478 Johannis
1380 2383 1538 2481 Baptiste
1563 2407 1629 2480 pro

422 2482 588 2556 omnibus
603 2485 845 2559 exactionibus
860 2502 897 2560 et
919 2486 1054 2559 casibus
1070 2484 1155 2560 actis
1180 2487 1224 2558 ad
1251 2510 1307 2558 me
1333 2485 1389 2557 vel
1415 2485 1459 2558 ad
1484 2483 1629 2556 heredes

424 2607 521 2656 meos
538 2585 795 2683 pertinentibus
809 2587 908 2660 omni
926 2587 1105 2661 occasione
1123 2601 1269 2660 remota.
1319 2584 1370 2659 Et
1386 2611 1455 2686 ego
1473 2585 1629 2684 predicta

421 2685 538 2758 Alicia
554 2703 590 2759 et
603 2687 749 2761 heredes
764 2687 832 2761 mei
844 2705 880 2762 et
897 2690 966 2760 mei
979 2687 1143 2788 assignati
1158 2685 1462 2762 warantizabimus
1473 2685 1630 2786 aquieta-

422 2784 539 2859 bimus
554 2804 591 2861 ct
608 2786 838 2862 defendemus
851 2804 968 2862 totum
982 2788 1182 2887 predictum
1199 2788 1379 2862 redditum
1393 2812 1474 2860 cum
1491 2784 1629 2859 releviis

419 2887 587 2960 eschaetis
603 2890 729 2963 exinde
754 2889 1043 2988 provenientibus
1059 2907 1097 2963 et
1113 2889 1278 2963 omnibus
1304 2887 1379 2961 aliis
1403 2887 1629 2987 pertinenciis

419 2988 491 3060 suis
503 2991 664 3086 predicto
680 2991 865 3066 Willelmo
889 3006 925 3064 et
955 2990 1143 3064 heredibus
1166 2993 1240 3064 suis
1268 2991 1342 3063 sive
1371 2988 1554 3089 assignatis
1583 2990 1628 3061 de

421 3090 586 3164 omnibus
620 3091 773 3164 serviciis
806 3093 943 3167 dictum
977 3092 1158 3165 redditum
1188 3088 1477 3190 contingentibus
1505 3105 1629 3163 contra

420 3214 544 3263 omnes
561 3190 722 3266 homines
738 3208 773 3266 et
791 3191 940 3266 feminas
964 3193 1182 3266 Christianos
1206 3209 1242 3266 et
1262 3191 1431 3292 judianos
1458 3215 1520 3288 per
1547 3215 1629 3288 pre-

419 3289 557 3364 dictum
574 3293 761 3366 servicium
780 3293 1051 3392 imperpetuum.
1104 3293 1176 3367 Pro
1203 3295 1266 3366 hac
1291 3308 1409 3366 autem
1435 3291 1627 3366 donatione

419 3393 642 3466 concessione
659 3408 694 3466 et
711 3395 882 3492 presentis
898 3411 991 3468 carte
1008 3420 1085 3468 mee
1111 3393 1377 3468 confirmatione
1401 3409 1438 3465 et
1463 3393 1629 3467 warentia

423 3517 499 3565 mea
515 3490 606 3568 facta
623 3511 658 3567 et
675 3496 857 3569 recordata
881 3512 916 3569 et
940 3496 1059 3596 sigillo
1084 3520 1165 3569 meo
1195 3493 1345 3568 firmiter
1372 3495 1509 3567 munita
1535 3517 1628 3566 anno

420 3595 519 3692 regni
537 3597 631 3694 regis
647 3595 827 3686 Edwardi‚
844 3596 906 3670 filii
925 3597 1033 3696 Regis
1050 3595 1211 3686 Henrici‚
1231 3596 1387 3669 secundo
1403 3595 1503 3668 dedit
1521 3594 1627 3668 michi

420 3695 601 3794 predictus
643 3695 848 3770 Willelmus
889 3699 980 3772 duos
1021 3696 1154 3771 solidos
1196 3713 1232 3770 et
1274 3721 1334 3769 sex
1376 3695 1538 3770 denarios
1591 3695 1627 3767 in

420 3821 630 3896 gersumam.

498 3895 584 3970 Hiis
616 3897 777 3986 testibus,
810 3899 962 3972 Ricardo
990 3898 1155 3986 Archer;
1190 3897 1367 3970 Nicholao
1395 3913 1432 3970 et
1462 3896 1626 3986 Ricardo,

421 3996 502 4070 filiis
518 3997 677 4099 ejusdem
693 4027 703 4090 ;
729 3999 888 4094 Johanne
902 4000 1059 4098 Joseph3
1090 3999 1285 4072 Laurentio
1300 4023 1310 4086 ;
1330 3997 1509 4097 Stephano
1526 3997 1625 4070 Mar-

421 4098 487 4171 tini
503 4123 514 4186 ;
532 4099 718 4174 Willelmo
733 4100 778 4174 de
794 4099 1021 4175 Silertestone
1039 4126 1049 4188 ;
1069 4101 1176 4174 Petro
1201 4099 1431 4198 Carpentario
1447 4099 1494 4172 de
1510 4097 1627 4171 Siber-

420 4214 549 4289 stone;
575 4201 736 4295 Johanne
764 4203 810 4276 de
848 4203 990 4274 ecclesia
1016 4203 1060 4276 de
1094 4201 1322 4300 Hughham3
1362 4199 1546 4273 Gileberto
1583 4200 1628 4274 de

423 4298 638 4374 Mekestone
653 4327 663 4388 ;
680 4319 717 4375 et
735 4303 857 4375 multis
874 4303 959 4376 aliis.

422 4397 514 4486 [18⁶·
525 4403 622 4486 984]
