3728 5256
445 555 516 607 200
803 529 985 606 DOVER
1010 528 1290 604 CHARTERS

443 752 571 801 novam
595 728 889 828 composicionem
916 729 1093 800 intereos
1118 725 1383 825 contingentem
1409 723 1556 798 faciend’
1583 723 1651 797 im-

443 830 648 927 pediretur;
678 847 714 904 et
739 829 838 930 quod
865 829 984 902 nullus
1009 844 1181 908 mercator
1206 829 1412 928 peregrinus
1435 852 1549 926 equus
1577 825 1650 898 sive

442 931 568 1004 animal
585 946 684 1004 extra
700 931 852 1030 aliquem
869 945 995 1028 portus
1012 929 1048 1001 in
1066 928 1247 1002 Comitatu
1266 929 1395 1001 Kancie
1413 952 1525 1027 usque
1550 925 1652 998 Cales

442 1032 551 1104 exiret
569 1048 686 1132 preter
704 1033 896 1118 Dovorra;
921 1048 958 1103 et
975 1031 1002 1102 si
1017 1053 1198 1126 possessor
1211 1028 1358 1103 alicu‘us
1374 1029 1473 1101 navis
1489 1052 1556 1126 pro
1571 1051 1651 1124 pas-

444 1133 541 1232 sagio
570 1133 735 1208 Dovorre
765 1132 925 1205 ordinate
955 1155 1079 1203 navem
1109 1131 1218 1218 illam,
1247 1053 1311 1204 vel
1333 1131 1486 1230 aliquam
1514 1143 1651 1226 partem

443 1233 613 1334 ejusdem,
631 1234 733 1308 alicui
750 1233 806 1305 alii
826 1233 862 1304 in
879 1233 948 1305 alio
965 1231 1044 1304 loco
1061 1231 1229 1304 habitanti
1243 1255 1349 1330 quam
1363 1231 1479 1303 eidem
1492 1228 1652 1328 passagio

444 1336 613 1433 spectanti
649 1351 685 1407 et
710 1333 907 1407 intendenti
938 1332 1106 1406 venderet
1136 1333 1209 1406 sive
1238 1332 1407 1417 alienant,
1438 1332 1536 1430 quod
1566 1346 1651 1402 tunc

444 1437 542 1510 navis
559 1437 618 1508 illa
634 1451 731 1508 extra
748 1435 944 1534 passagium
961 1433 1048 1506 illud
1074 1457 1141 1530 pro
1164 1448 1337 1531 perpetuo
1362 1430 1454 1504 foret
1479 1431 1625 1530 expulsa
1642 1459 1649 1503 :

444 1562 530 1636 quas
547 1536 692 1636 quidem
709 1536 886 1608 libertates
902 1551 938 1608 et
955 1533 1164 1606 franchesias
1186 1535 1230 1608 ad
1254 1558 1397 1631 presens
1410 1534 1514 1605 variis
1527 1531 1653 1605 mediis

445 1638 640 1735 interrupte
658 1653 794 1710 suntet
812 1635 998 1723 subtracta
1016 1636 1052 1707 in
1069 1635 1227 1735 ejusdem
1249 1634 1331 1708 ville
1350 1651 1470 1706 nostre
1487 1635 1652 1706 Dovorre

443 1755 480 1811 et
498 1737 770 1812 inhabitancium
792 1737 962 1837 ejusdem,
983 1761 1022 1808 ac
1048 1737 1083 1806 in
1111 1735 1248 1833 speciali
1275 1735 1478 1809 Custodum
1493 1735 1651 1906 passagii

444 1838 588 1925 ibidem,
634 1838 946 1912 deteriorationem
988 1853 1022 1909 et
1068 1836 1344 1909 diminucionem
1386 1836 1490 1908 multi
1508 1859 1649 1908 ormcs:

444 1939 562 2038 sicque
587 1937 670 2012 villa
694 1939 763 2027 illa,
790 1953 862 2010 tam
887 1963 930 2010 ex
956 1937 1068 2010 causis
1085 1937 1263 2035 predictis,
1280 1962 1388 2036 quam
1409 1961 1476 2036 pro
1492 1962 1535 2009 eo
1552 1935 1651 2036 quod

444 2036 657 2112 inhabitores
692 2039 851 2139 ejusdem
886 2064 953 2136 pro
988 2039 1112 2138 majori
1148 2054 1245 2135 parte
1280 2037 1324 2110 ab
1360 2037 1482 2111 eadem
1513 2037 1653 2134 penitus

444 2156 671 2228 recesserunt,
688 2165 727 2212 ac
747 2140 916 2213 medietas
940 2139 1099 2239 ejusdem
1123 2137 1207 2212 ville
1232 2140 1330 2238 quasi
1357 2163 1465 2212 vacua
1489 2155 1524 2210 et
1549 2139 1653 2212 deso-

443 2239 513 2314 lata
536 2240 688 2327 exstitit,
715 2241 981 2340 mansionesque
1005 2239 1164 2339 ejusdcm
1190 2240 1225 2310 in
1247 2239 1384 2312 ruinam
1412 2239 1652 2336 multipliciter

443 2341 675 2430 devenerunt,
698 2340 743 2413 de
768 2341 949 2414 verisimili
968 2339 1116 2412 finaliter
1133 2339 1372 2428 destruentur,
1389 2339 1652 2438 habitantesque

444 2443 482 2515 in
498 2442 621 2514 eadem
638 2466 714 2514 eam
732 2441 920 2514 necessarie
938 2439 1136 2540 relinquere
1153 2439 1344 2537 oportebit,
1366 2457 1407 2513 ut
1423 2441 1566 2530 dicitur,
1585 2440 1651 2512 nisi

445 2542 510 2616 sibi
540 2546 585 2616 de
615 2541 773 2616 remedio
802 2543 839 2614 in
870 2543 933 2614 hac
962 2557 1059 2638 parte
1088 2565 1249 2640 congruo
1274 2541 1383 2615 cicius
1399 2541 1650 2640 provideatur:

446 2645 539 2718 unde
556 2641 659 2716 nobis
676 2644 916 2742 supplicarunt
935 2641 1055 2742 Major
1071 2658 1106 2715 et
1125 2641 1372 2716 Communitas
1395 2643 1585 2740 supradicti
1612 2657 1652 2713 ut

445 2745 622 2845 quandem
652 2760 893 2841 paupertatem
922 2759 959 2815 et
989 2743 1143 2842 inopiam
1172 2743 1266 2816 dicte
1299 2742 1382 2816 ville
1419 2745 1584 2818 Dovorre
1613 2767 1652 2814 ac

445 2846 682 2919 habitancium
699 2845 858 2946 ejusdem
875 2844 1093 2924 considerare
1116 2843 1277 2932 velimus,
1303 2868 1342 2916 ac
1367 2867 1434 2941 pro
1459 2843 1653 2917 salvatione

445 2947 656 3021 relevamine
697 2946 892 3020 eorundem
930 2944 1178 3043 benignissime
1215 2945 1402 3040 providere
1438 2960 1475 3018 et
1510 2941 1654 3044 prefatis

448 3047 579 3120 Ma‘ori
605 3063 642 3120 et
667 3047 922 3121 Communicati
948 3047 1046 3144 quod
1071 3045 1138 3142 ipsi
1163 3059 1200 3117 et
1224 3069 1439 3117 successores
1464 3047 1527 3121 sui¹
1547 3043 1655 3117 liber·

446 3073 577 3221 tatilus
602 3164 638 3221 et
666 3144 868 3220 franchesiis
893 3147 1059 3243 predictis
1083 3145 1213 3246 absque
1238 3145 1519 3220 contradiccione
1543 3147 1655 3219 inter-

447 3249 615 3346 rupcione
655 3249 728 3321 sive
769 3247 1024 3344 impedimento
1062 3271 1289 3346 quocumque
1329 3249 1381 3319 uti
1421 3263 1457 3319 et
1486 3246 1652 3345 gaudere,

447 3350 584 3448 ipsique
617 3349 709 3420 inter
742 3363 778 3420 et
812 3373 917 3444 super
951 3349 1084 3444 seipsos
1119 3348 1206 3419 tales
1239 3347 1482 3420 ordinationes
1516 3347 1655 3444 penales

448 3449 566 3550 quales
594 3448 659 3520 sibi
687 3473 753 3544 pro
779 3447 896 3521 debita
922 3448 1189 3521 conservacione
1215 3465 1251 3521 et
1279 3449 1436 3522 custodia
1462 3447 1652 3521 earundem

447 3549 650 3622 libertatum
669 3565 705 3621 et
727 3547 1001 3622 franchesiarum
1029 3546 1244 3647 [videbi]tur
1272 3549 1459 3622 necessarie
1484 3566 1520 3622 et
1546 3574 1655 3647 opur-

448 3666 545 3740 tune,
583 3675 622 3722 ac
660 3675 726 3746 pro
763 3648 897 3723 factura
933 3666 970 3722 et
1007 3650 1252 3722 construcione
1291 3651 1444 3742 navium,
1484 3675 1553 3750 que
1587 3673 1655 3746 pro

448 3751 605 3852 passagio
622 3751 781 3849 predicto
797 3751 845 3822 sic
863 3750 954 3823 fiunt
971 3765 1007 3822 et
1024 3749 1121 3838 fient,
1139 3767 1180 3822 ut
1197 3775 1302 3825 naves
1319 3749 1376 3823 ille
1397 3749 1518 3824 fideles
1543 3748 1654 3822 fortes

448 3871 484 3926 et
502 3876 631 3940 secure,
648 3877 687 3924 ac
704 3852 749 3925 de
766 3851 856 3923 bona
874 3851 1017 3924 materia
1037 3865 1109 3923 tam
1127 3851 1163 3922 in
1182 3853 1369 3924 maeremio
1385 3877 1423 3924 ac
1441 3851 1537 3924 bono
1548 3876 1654 3950 opere

448 3971 485 4028 et
501 3954 597 4027 fideli
614 3977 720 4053 quam
738 3953 776 4024 in
793 3977 898 4049 opere
914 3950 1030 4023 ferreo
1054 3968 1090 4024 et
1115 3950 1282 4024 omnibus
1307 3951 1383 4024 aliis
1407 3952 1511 4026 rebus
1536 3976 1656 4024 neces-

449 4056 544 4128 sariis
569 4077 635 4151 pro
660 4053 843 4127 securitate
868 4069 903 4125 et
929 4051 1180 4125 fortificacione
1200 4053 1363 4152 navi[um
1384 4053 1545 4151 illorum]
1564 4051 1654 4127 facte

447 4172 483 4229 et
500 4154 663 4227 fabricate
680 4155 829 4226 existant
845 4153 939 4226 licite
965 4152 1078 4226 facere
1104 4154 1251 4226 valeant.
1303 4154 1395 4243 Nos,
1420 4155 1465 4227 ad
1490 4154 1655 4253 premissa

448 4255 764 4329 consideracionem
782 4254 957 4344 habentes,
975 4278 1014 4326 ac
1032 4277 1097 4352 pro
1114 4255 1382 4328 conservacione
1398 4271 1434 4328 ct
1460 4255 1655 4328 salvacione

447 4357 541 4431 dicte
567 4354 649 4430 ville
675 4372 794 4429 nostre
820 4356 1007 4454 providere
1032 4355 1201 4442 volentes,
1229 4372 1269 4429 ut
1289 4372 1463 4447 tenemur,
1480 4357 1524 4430 de
1541 4355 1655 4455 gracia
