<?xml version="1.0" encoding="UTF-8"?>
<!DOCTYPE html PUBLIC "-//W3C//DTD XHTML 1.0 Transitional//EN"
    "http://www.w3.org/TR/xhtml1/DTD/xhtml1-transitional.dtd">
<html xmlns="http://www.w3.org/1999/xhtml" xml:lang="en" lang="en">
 <head>
  <title>
</title>
<meta http-equiv="Content-Type" content="text/html;charset=utf-8" />
  <meta name='ocr-system' content='tesseract 3.04.00' />
  <meta name='ocr-capabilities' content='ocr_page ocr_carea ocr_par ocr_line ocrx_word'/>
</head>
<body>
  <div class='ocr_page' id='page_1' title='image "./doverchartersan01statgoog_0353.png"; bbox 0 0 3738 5304; ppageno 0'>
   <div class='ocr_carea' id='block_1_1' title="bbox 487 450 1335 550">
    <p class='ocr_par' dir='ltr' id='par_1_1' title="bbox 487 450 1335 550">
     <span class='ocr_line' id='line_1_1' title="bbox 487 450 1335 550; baseline -0.005 -22"><span class='ocrx_word' id='word_1_1' title='bbox 487 457 558 550; x_wconf 82' lang='lat'>318</span> <span class='ocrx_word' id='word_1_2' title='bbox 849 451 1031 525; x_wconf 81' lang='lat' dir='ltr'>uovER</span> <span class='ocrx_word' id='word_1_3' title='bbox 1057 450 1335 526; x_wconf 69' lang='lat' dir='ltr'>ennarrans</span> 
     </span>
    </p>
   </div>
   <div class='ocr_carea' id='block_1_2' title="bbox 482 651 1694 2665">
    <p class='ocr_par' dir='ltr' id='par_1_2' title="bbox 482 651 1694 2665">
     <span class='ocr_line' id='line_1_2' title="bbox 484 651 1694 766; baseline -0.001 -40"><span class='ocrx_word' id='word_1_4' title='bbox 484 669 519 726; x_wconf 89' lang='lat' dir='ltr'>et</span> <span class='ocrx_word' id='word_1_5' title='bbox 545 651 770 752; x_wconf 89' lang='lat' dir='ltr'>singulorum</span> <span class='ocrx_word' id='word_1_6' title='bbox 796 676 1111 766; x_wconf 89' lang='lat' dir='ltr'>quorumcumque</span> <span class='ocrx_word' id='word_1_7' title='bbox 1131 665 1359 738; x_wconf 88' lang='lat' dir='ltr'>statutorum,</span> <span class='ocrx_word' id='word_1_8' title='bbox 1376 666 1534 739; x_wconf 82' lang='lat' dir='ltr'><strong>actuum,</strong></span> <span class='ocrx_word' id='word_1_9' title='bbox 1552 653 1694 730; x_wconf 80' lang='lat' dir='ltr'>ordina-</span> 
     </span>
     <span class='ocr_line' id='line_1_3' title="bbox 484 751 1693 851; baseline -0.001 -24"><span class='ocrx_word' id='word_1_10' title='bbox 484 755 640 841; x_wconf 91' lang='lat' dir='ltr'>cionum,</span> <span class='ocrx_word' id='word_1_11' title='bbox 675 753 932 851; x_wconf 86' lang='lat' dir='ltr'>provisionum,</span> <span class='ocrx_word' id='word_1_12' title='bbox 966 751 1243 841; x_wconf 89' lang='lat' dir='ltr'>restrrccionum,</span> <span class='ocrx_word' id='word_1_13' title='bbox 1283 751 1613 848; x_wconf 86' lang='lat' dir='ltr'>proclamacionum,</span> <span class='ocrx_word' id='word_1_14' title='bbox 1656 771 1693 826; x_wconf 90' lang='lat' dir='ltr'>et</span> 
     </span>
     <span class='ocr_line' id='line_1_4' title="bbox 483 851 1691 955; baseline -0.002 -27"><span class='ocrx_word' id='word_1_15' title='bbox 483 852 781 955; x_wconf 90' lang='lat' dir='ltr'>prohibicionum,</span> <span class='ocrx_word' id='word_1_16' title='bbox 799 869 880 925; x_wconf 90' lang='lat' dir='ltr'>ante</span> <span class='ocrx_word' id='word_1_17' title='bbox 896 853 1035 926; x_wconf 89' lang='lat' dir='ltr'>dictum</span> <span class='ocrx_word' id='word_1_18' title='bbox 1049 851 1256 926; x_wconf 88' lang='lat' dir='ltr'>vicesimum</span> <span class='ocrx_word' id='word_1_19' title='bbox 1270 852 1421 925; x_wconf 89' lang='lat' dir='ltr'>tercium</span> <span class='ocrx_word' id='word_1_20' title='bbox 1435 853 1531 928; x_wconf 94' lang='lat' dir='ltr'>diem</span> <span class='ocrx_word' id='word_1_21' title='bbox 1545 853 1691 953; x_wconf 83' lang='lat' dir='ltr'>Aprilis,</span> 
     </span>
     <span class='ocr_line' id='line_1_5' title="bbox 482 952 1692 1055; baseline -0.001 -27"><span class='ocrx_word' id='word_1_22' title='bbox 482 956 790 1055; x_wconf 83' lang='lat' dir='ltr'>qualitercumque</span> <span class='ocrx_word' id='word_1_23' title='bbox 818 952 1006 1040; x_wconf 84' lang='lat' dir='ltr'>factorum,</span> <span class='ocrx_word' id='word_1_24' title='bbox 1034 952 1228 1039; x_wconf 89' lang='lat' dir='ltr'>editorum,</span> <span class='ocrx_word' id='word_1_25' title='bbox 1255 952 1330 1026; x_wconf 91' lang='lat' dir='ltr'>sive</span> <span class='ocrx_word' id='word_1_26' title='bbox 1349 955 1597 1050; x_wconf 86' lang='lat' dir='ltr'>provisorum:</span> <span class='ocrx_word' id='word_1_27' title='bbox 1635 957 1692 1027; x_wconf 88' lang='lat' dir='ltr'>Ac</span> 
     </span>
     <span class='ocr_line' id='line_1_6' title="bbox 483 1053 1692 1154; baseline -0.002 -23"><span class='ocrx_word' id='word_1_28' title='bbox 483 1081 607 1131; x_wconf 89' lang='lat' dir='ltr'>omnes</span> <span class='ocrx_word' id='word_1_29' title='bbox 635 1071 673 1128; x_wconf 94' lang='lat' dir='ltr'>et</span> <span class='ocrx_word' id='word_1_30' title='bbox 702 1053 858 1154; x_wconf 87' lang='lat' dir='ltr'>singulas</span> <span class='ocrx_word' id='word_1_31' title='bbox 887 1053 1189 1154; x_wconf 81' lang='lat' dir='ltr'>transgressiones,</span> <span class='ocrx_word' id='word_1_32' title='bbox 1206 1069 1444 1151; x_wconf 89' lang='lat' dir='ltr'>contemptus,</span> <span class='ocrx_word' id='word_1_33' title='bbox 1474 1072 1510 1128; x_wconf 90' lang='lat' dir='ltr'>et</span> <span class='ocrx_word' id='word_1_34' title='bbox 1544 1055 1692 1129; x_wconf 88' lang='lat' dir='ltr'>offensas</span> 
     </span>
     <span class='ocr_line' id='line_1_7' title="bbox 485 1153 1689 1257; baseline 0 -27"><span class='ocrx_word' id='word_1_35' title='bbox 485 1183 546 1255; x_wconf 91' lang='lat' dir='ltr'>per</span> <span class='ocrx_word' id='word_1_36' title='bbox 557 1157 651 1254; x_wconf 87' lang='lat' dir='ltr'>ipsos</span> <span class='ocrx_word' id='word_1_37' title='bbox 666 1155 857 1257; x_wconf 89' lang='lat' dir='ltr'>Majorem,</span> <span class='ocrx_word' id='word_1_38' title='bbox 872 1155 1063 1242; x_wconf 86' lang='lat' dir='ltr'>Ballivum,</span> <span class='ocrx_word' id='word_1_39' title='bbox 1077 1171 1113 1228; x_wconf 87' lang='lat' dir='ltr'>et</span> <span class='ocrx_word' id='word_1_40' title='bbox 1127 1153 1430 1228; x_wconf 88' lang='lat' dir='ltr'>Communitatem</span> <span class='ocrx_word' id='word_1_41' title='bbox 1444 1172 1524 1229; x_wconf 91' lang='lat' dir='ltr'>ante</span> <span class='ocrx_word' id='word_1_42' title='bbox 1537 1158 1689 1231; x_wconf 89' lang='lat' dir='ltr'>eundem</span> 
     </span>
     <span class='ocr_line' id='line_1_8' title="bbox 483 1253 1690 1356; baseline -0.002 -25"><span class='ocrx_word' id='word_1_43' title='bbox 483 1259 577 1332; x_wconf 93' lang='lat' dir='ltr'>diem</span> <span class='ocrx_word' id='word_1_44' title='bbox 606 1257 914 1356; x_wconf 84' lang='lat' dir='ltr'>qualitercumque</span> <span class='ocrx_word' id='word_1_45' title='bbox 941 1253 1129 1342; x_wconf 82' lang='lat' dir='ltr'>factorum,</span> <span class='ocrx_word' id='word_1_46' title='bbox 1157 1255 1350 1344; x_wconf 87' lang='lat' dir='ltr'>editorum,</span> <span class='ocrx_word' id='word_1_47' title='bbox 1367 1255 1441 1328; x_wconf 89' lang='lat' dir='ltr'>sive</span> <span class='ocrx_word' id='word_1_48' title='bbox 1468 1256 1690 1354; x_wconf 86' lang='lat' dir='ltr'>provisorum</span> 
     </span>
     <span class='ocr_line' id='line_1_9' title="bbox 484 1355 1690 1456; baseline -0.001 -24"><span class='ocrx_word' id='word_1_49' title='bbox 484 1375 605 1432; x_wconf 89' lang='lat' dir='ltr'>contra</span> <span class='ocrx_word' id='word_1_50' title='bbox 621 1356 773 1431; x_wconf 90' lang='lat' dir='ltr'>formam</span> <span class='ocrx_word' id='word_1_51' title='bbox 791 1373 853 1430; x_wconf 93' lang='lat' dir='ltr'>aut</span> <span class='ocrx_word' id='word_1_52' title='bbox 878 1355 1046 1430; x_wconf 86' lang='lat' dir='ltr'>effectum</span> <span class='ocrx_word' id='word_1_53' title='bbox 1073 1355 1222 1456; x_wconf 88' lang='lat' dir='ltr'>alicujus</span> <span class='ocrx_word' id='word_1_54' title='bbox 1246 1356 1442 1430; x_wconf 89' lang='lat' dir='ltr'>eorundem</span> <span class='ocrx_word' id='word_1_55' title='bbox 1464 1374 1690 1446; x_wconf 86' lang='lat' dir='ltr'>statutorum,</span> 
     </span>
     <span class='ocr_line' id='line_1_10' title="bbox 483 1457 1691 1573; baseline -0.001 -41"><span class='ocrx_word' id='word_1_56' title='bbox 483 1475 641 1547; x_wconf 85' lang='lat' dir='ltr'>actuum,</span> <span class='ocrx_word' id='word_1_57' title='bbox 676 1458 956 1547; x_wconf 90' lang='lat' dir='ltr'>ordinacionum,</span> <span class='ocrx_word' id='word_1_58' title='bbox 995 1457 1252 1573; x_wconf 91' lang='lat' dir='ltr'>provisionum,</span> <span class='ocrx_word' id='word_1_59' title='bbox 1291 1457 1570 1545; x_wconf 90' lang='lat' dir='ltr'>restriccionum,</span> <span class='ocrx_word' id='word_1_60' title='bbox 1607 1483 1691 1556; x_wconf 94' lang='lat' dir='ltr'>pro-</span> 
     </span>
     <span class='ocr_line' id='line_1_11' title="bbox 483 1557 1690 1657; baseline -0.002 -23"><span class='ocrx_word' id='word_1_61' title='bbox 483 1559 747 1644; x_wconf 90' lang='lat' dir='ltr'>clamacionum,</span> <span class='ocrx_word' id='word_1_62' title='bbox 775 1575 811 1631; x_wconf 93' lang='lat' dir='ltr'>et</span> <span class='ocrx_word' id='word_1_63' title='bbox 838 1557 1123 1657; x_wconf 78' lang='lat' dir='ltr'>prohibitionum</span> <span class='ocrx_word' id='word_1_64' title='bbox 1153 1557 1460 1657; x_wconf 85' lang='lat' dir='ltr'>qualitercumque</span> <span class='ocrx_word' id='word_1_65' title='bbox 1486 1557 1592 1633; x_wconf 83' lang='lat' dir='ltr'>factas</span> <span class='ocrx_word' id='word_1_66' title='bbox 1616 1560 1690 1632; x_wconf 90' lang='lat' dir='ltr'>sive</span> 
     </span>
     <span class='ocr_line' id='line_1_12' title="bbox 483 1656 1691 1759; baseline -0.002 -25"><span class='ocrx_word' id='word_1_67' title='bbox 483 1677 721 1759; x_wconf 87' lang='lat' dir='ltr'>perpetratas:</span> <span class='ocrx_word' id='word_1_68' title='bbox 751 1661 901 1733; x_wconf 86' lang='lat' dir='ltr'>Necnon</span> <span class='ocrx_word' id='word_1_69' title='bbox 928 1684 1052 1733; x_wconf 79' lang='lat' dir='ltr'>omnes</span> <span class='ocrx_word' id='word_1_70' title='bbox 1078 1677 1113 1732; x_wconf 94' lang='lat' dir='ltr'>et</span> <span class='ocrx_word' id='word_1_71' title='bbox 1140 1656 1297 1759; x_wconf 89' lang='lat' dir='ltr'>singulas</span> <span class='ocrx_word' id='word_1_72' title='bbox 1316 1657 1565 1749; x_wconf 83' lang='lat' dir='ltr'>forisfacturas,</span> <span class='ocrx_word' id='word_1_73' title='bbox 1584 1661 1691 1758; x_wconf 91' lang='lat' dir='ltr'>puni·</span> 
     </span>
     <span class='ocr_line' id='line_1_13' title="bbox 483 1759 1690 1858; baseline 0 -24"><span class='ocrx_word' id='word_1_74' title='bbox 483 1762 610 1848; x_wconf 89' lang='lat' dir='ltr'>ciones,</span> <span class='ocrx_word' id='word_1_75' title='bbox 642 1760 961 1858; x_wconf 87' lang='lat' dir='ltr'>imprisonamenta,</span> <span class='ocrx_word' id='word_1_76' title='bbox 989 1759 1087 1848; x_wconf 86' lang='lat' dir='ltr'>fines,</span> <span class='ocrx_word' id='word_1_77' title='bbox 1114 1759 1388 1858; x_wconf 87' lang='lat' dir='ltr'>redempciones,</span> <span class='ocrx_word' id='word_1_78' title='bbox 1414 1762 1690 1850; x_wconf 83' lang='lat' dir='ltr'>amerciamenta,</span> 
     </span>
     <span class='ocr_line' id='line_1_14' title="bbox 485 1859 1691 1959; baseline 0.001 -25"><span class='ocrx_word' id='word_1_79' title='bbox 485 1886 601 1958; x_wconf 90' lang='lat' dir='ltr'>penas,</span> <span class='ocrx_word' id='word_1_80' title='bbox 633 1861 847 1958; x_wconf 88' lang='lat' dir='ltr'>pecuniarias</span> <span class='ocrx_word' id='word_1_81' title='bbox 877 1877 913 1933; x_wconf 91' lang='lat' dir='ltr'>et</span> <span class='ocrx_word' id='word_1_82' title='bbox 943 1859 1141 1958; x_wconf 82' lang='lat' dir='ltr'>corporales</span> <span class='ocrx_word' id='word_1_83' title='bbox 1169 1877 1290 1948; x_wconf 89' lang='lat' dir='ltr'>sectas,</span> <span class='ocrx_word' id='word_1_84' title='bbox 1315 1861 1487 1959; x_wconf 85' lang='lat' dir='ltr'>querelas,</span> <span class='ocrx_word' id='word_1_85' title='bbox 1524 1887 1691 1959; x_wconf 89' lang='lat' dir='ltr'>prosecu-</span> 
     </span>
     <span class='ocr_line' id='line_1_15' title="bbox 483 1960 1692 2060; baseline 0 -24"><span class='ocrx_word' id='word_1_86' title='bbox 483 1964 611 2048; x_wconf 88' lang='lat' dir='ltr'>ciones,</span> <span class='ocrx_word' id='word_1_87' title='bbox 625 1960 1126 2060; x_wconf 90' lang='lat' dir='ltr'>condempnaciones,judicia,</span> <span class='ocrx_word' id='word_1_88' title='bbox 1139 1962 1377 2050; x_wconf 86' lang='lat' dir='ltr'>execuciones,</span> <span class='ocrx_word' id='word_1_89' title='bbox 1388 1961 1517 2049; x_wconf 84' lang='lat' dir='ltr'>debita,</span> <span class='ocrx_word' id='word_1_90' title='bbox 1531 1962 1692 2036; x_wconf 73' lang='lat' dir='ltr'>denario</span> 
     </span>
     <span class='ocr_line' id='line_1_16' title="bbox 483 2061 1692 2162; baseline 0.002 -28"><span class='ocrx_word' id='word_1_91' title='bbox 483 2089 564 2136; x_wconf 89' lang='lat' dir='ltr'>rum</span> <span class='ocrx_word' id='word_1_92' title='bbox 582 2087 738 2136; x_wconf 87' lang='lat' dir='ltr'>summas</span> <span class='ocrx_word' id='word_1_93' title='bbox 754 2077 790 2134; x_wconf 95' lang='lat' dir='ltr'>et</span> <span class='ocrx_word' id='word_1_94' title='bbox 806 2062 980 2136; x_wconf 90' lang='lat' dir='ltr'>demanda</span> <span class='ocrx_word' id='word_1_95' title='bbox 996 2087 1084 2160; x_wconf 91' lang='lat' dir='ltr'>quas</span> <span class='ocrx_word' id='word_1_96' title='bbox 1101 2061 1157 2136; x_wconf 91' lang='lat' dir='ltr'>vel</span> <span class='ocrx_word' id='word_1_97' title='bbox 1174 2087 1245 2161; x_wconf 92' lang='lat' dir='ltr'>que</span> <span class='ocrx_word' id='word_1_98' title='bbox 1266 2087 1341 2151; x_wconf 92' lang='lat' dir='ltr'>nos,</span> <span class='ocrx_word' id='word_1_99' title='bbox 1369 2078 1431 2136; x_wconf 90' lang='lat' dir='ltr'>aut</span> <span class='ocrx_word' id='word_1_100' title='bbox 1456 2061 1582 2162; x_wconf 91' lang='lat' dir='ltr'>aliquis</span> <span class='ocrx_word' id='word_1_101' title='bbox 1606 2087 1692 2161; x_wconf 90' lang='lat' dir='ltr'>pro-</span> 
     </span>
     <span class='ocr_line' id='line_1_17' title="bbox 482 2161 1690 2263; baseline 0.002 -27"><span class='ocrx_word' id='word_1_102' title='bbox 482 2163 687 2263; x_wconf 88' lang='lat' dir='ltr'>genitorum</span> <span class='ocrx_word' id='word_1_103' title='bbox 704 2177 920 2253; x_wconf 90' lang='lat' dir='ltr'>nostrorum,</span> <span class='ocrx_word' id='word_1_104' title='bbox 939 2188 1062 2236; x_wconf 92' lang='lat' dir='ltr'>versus</span> <span class='ocrx_word' id='word_1_105' title='bbox 1076 2161 1230 2260; x_wconf 86' lang='lat' dir='ltr'>prefatos</span> <span class='ocrx_word' id='word_1_106' title='bbox 1244 2163 1437 2263; x_wconf 89' lang='lat' dir='ltr'>Majorem,</span> <span class='ocrx_word' id='word_1_107' title='bbox 1451 2163 1640 2254; x_wconf 87' lang='lat' dir='ltr'>Ballivum,</span> <span class='ocrx_word' id='word_1_108' title='bbox 1652 2180 1690 2238; x_wconf 89' lang='lat' dir='ltr'>et</span> 
     </span>
     <span class='ocr_line' id='line_1_18' title="bbox 483 2262 1689 2364; baseline -0.001 -26"><span class='ocrx_word' id='word_1_109' title='bbox 483 2263 799 2350; x_wconf 87' lang='lat' dir='ltr'>Communitatem,</span> <span class='ocrx_word' id='word_1_110' title='bbox 817 2279 897 2336; x_wconf 89' lang='lat' dir='ltr'>ante</span> <span class='ocrx_word' id='word_1_111' title='bbox 923 2263 1076 2337; x_wconf 92' lang='lat' dir='ltr'>eundem</span> <span class='ocrx_word' id='word_1_112' title='bbox 1099 2262 1206 2353; x_wconf 89' lang='lat' dir='ltr'>diem,</span> <span class='ocrx_word' id='word_1_113' title='bbox 1225 2264 1371 2353; x_wconf 90' lang='lat' dir='ltr'>ratione,</span> <span class='ocrx_word' id='word_1_114' title='bbox 1391 2263 1536 2358; x_wconf 90' lang='lat' dir='ltr'>virtute,</span> <span class='ocrx_word' id='word_1_115' title='bbox 1554 2266 1689 2364; x_wconf 86' lang='lat' dir='ltr'>vigore,</span> 
     </span>
     <span class='ocr_line' id='line_1_19' title="bbox 482 2361 1689 2467; baseline 0.001 -29"><span class='ocrx_word' id='word_1_116' title='bbox 482 2391 545 2439; x_wconf 91' lang='lat' dir='ltr'>seu</span> <span class='ocrx_word' id='word_1_117' title='bbox 580 2363 759 2438; x_wconf 86' lang='lat' dir='ltr'>occasione</span> <span class='ocrx_word' id='word_1_118' title='bbox 793 2361 986 2452; x_wconf 90' lang='lat' dir='ltr'>fraccionis,</span> <span class='ocrx_word' id='word_1_119' title='bbox 1025 2380 1187 2462; x_wconf 90' lang='lat' dir='ltr'>rupture,</span> <span class='ocrx_word' id='word_1_120' title='bbox 1221 2380 1283 2438; x_wconf 89' lang='lat' dir='ltr'>aut</span> <span class='ocrx_word' id='word_1_121' title='bbox 1310 2363 1512 2438; x_wconf 77' lang='lat' dir='ltr'>violationis</span> <span class='ocrx_word' id='word_1_122' title='bbox 1540 2365 1689 2467; x_wconf 89' lang='lat' dir='ltr'>alicujus</span> 
     </span>
     <span class='ocr_line' id='line_1_20' title="bbox 482 2463 1689 2563; baseline 0.002 -25"><span class='ocrx_word' id='word_1_123' title='bbox 482 2482 711 2553; x_wconf 88' lang='lat' dir='ltr'>statutorum,</span> <span class='ocrx_word' id='word_1_124' title='bbox 745 2479 902 2552; x_wconf 88' lang='lat' dir='ltr'>actuum,</span> <span class='ocrx_word' id='word_1_125' title='bbox 937 2463 1217 2553; x_wconf 89' lang='lat' dir='ltr'>ordinacionum,</span> <span class='ocrx_word' id='word_1_126' title='bbox 1256 2463 1514 2563; x_wconf 89' lang='lat' dir='ltr'>provisionum,</span> <span class='ocrx_word' id='word_1_127' title='bbox 1549 2466 1689 2541; x_wconf 88' lang='lat' dir='ltr'>restric-</span> 
     </span>
     <span class='ocr_line' id='line_1_21' title="bbox 483 2564 1688 2665; baseline 0.001 -25"><span class='ocrx_word' id='word_1_128' title='bbox 483 2567 637 2656; x_wconf 82' lang='lat' dir='ltr'>tionum,</span> <span class='ocrx_word' id='word_1_129' title='bbox 655 2564 985 2662; x_wconf 87' lang='lat' dir='ltr'>proclamacionum,</span> <span class='ocrx_word' id='word_1_130' title='bbox 999 2581 1035 2639; x_wconf 90' lang='lat' dir='ltr'>et</span> <span class='ocrx_word' id='word_1_131' title='bbox 1052 2565 1335 2665; x_wconf 92' lang='lat' dir='ltr'>prohibicionum</span> <span class='ocrx_word' id='word_1_132' title='bbox 1358 2565 1613 2664; x_wconf 90' lang='lat' dir='ltr'>predictorum,</span> <span class='ocrx_word' id='word_1_133' title='bbox 1625 2593 1688 2641; x_wconf 89' lang='lat' dir='ltr'>seu</span> 
     </span>
    </p>
   </div>
   <div class='ocr_carea' id='block_1_3' title="bbox 482 2664 1689 2939">
    <p class='ocr_par' dir='ltr' id='par_1_3' title="bbox 482 2664 1689 2939">
     <span class='ocr_line' id='line_1_22' title="bbox 482 2664 1687 2767; baseline 0 -25"><span class='ocrx_word' id='word_1_134' title='bbox 482 2693 608 2742; x_wconf 85' lang='lat' dir='ltr'>corum</span> <span class='ocrx_word' id='word_1_135' title='bbox 624 2665 784 2767; x_wconf 85' lang='lat' dir='ltr'>alicujus,</span> <span class='ocrx_word' id='word_1_136' title='bbox 801 2664 990 2741; x_wconf 87' lang='lat' dir='ltr'>habuimus</span> <span class='ocrx_word' id='word_1_137' title='bbox 1006 2691 1070 2739; x_wconf 92' lang='lat' dir='ltr'>seu</span> <span class='ocrx_word' id='word_1_138' title='bbox 1087 2665 1215 2740; x_wconf 90' lang='lat' dir='ltr'>habere</span> <span class='ocrx_word' id='word_1_139' title='bbox 1233 2667 1441 2764; x_wconf 88' lang='lat' dir='ltr'>poterimus,</span> <span class='ocrx_word' id='word_1_140' title='bbox 1458 2685 1521 2741; x_wconf 92' lang='lat' dir='ltr'>aut</span> <span class='ocrx_word' id='word_1_141' title='bbox 1538 2695 1612 2755; x_wconf 93' lang='lat' dir='ltr'>nos,</span> <span class='ocrx_word' id='word_1_142' title='bbox 1630 2669 1687 2742; x_wconf 92' lang='lat' dir='ltr'>vel</span> 
     </span>
     <span class='ocr_line' id='line_1_23' title="bbox 483 2766 1689 2939; baseline 0.002 -98"><span class='ocrx_word' id='word_1_143' title='bbox 483 2769 628 2842; x_wconf 84' lang='lat' dir='ltr'>heredes</span> <span class='ocrx_word' id='word_1_144' title='bbox 646 2767 769 2856; x_wconf 88' lang='lat' dir='ltr'>nostri,</span> <span class='ocrx_word' id='word_1_145' title='bbox 787 2793 910 2841; x_wconf 89' lang='lat' dir='ltr'>versus</span> <span class='ocrx_word' id='word_1_146' title='bbox 925 2767 1069 2842; x_wconf 87' lang='lat' dir='ltr'>eosdem</span> <span class='ocrx_word' id='word_1_147' title='bbox 1088 2766 1277 2939; x_wconf 53' lang='lat' dir='ltr'>Maporem</span> <span class='ocrx_word' id='word_1_148' title='bbox 1305 2767 1493 2858; x_wconf 90' lang='lat' dir='ltr'>Ballivum,</span> <span class='ocrx_word' id='word_1_149' title='bbox 1512 2770 1689 2843; x_wconf 90' lang='lat' dir='ltr'>Commu-</span> 
     </span>
    </p>
   </div>
   <div class='ocr_carea' id='block_1_4' title="bbox 477 2867 1689 4381">
    <p class='ocr_par' dir='ltr' id='par_1_4' title="bbox 477 2867 1689 4381">
     <span class='ocr_line' id='line_1_24' title="bbox 482 2867 1688 2969; baseline 0.001 -27"><span class='ocrx_word' id='word_1_150' title='bbox 482 2868 629 2943; x_wconf 88' lang='lat' dir='ltr'>nitatem</span> <span class='ocrx_word' id='word_1_151' title='bbox 654 2868 823 2942; x_wconf 88' lang='lat' dir='ltr'>habemus</span> <span class='ocrx_word' id='word_1_152' title='bbox 849 2868 1036 2942; x_wconf 88' lang='lat' dir='ltr'>habuimus</span> <span class='ocrx_word' id='word_1_153' title='bbox 1060 2893 1122 2940; x_wconf 89' lang='lat' dir='ltr'>seu</span> <span class='ocrx_word' id='word_1_154' title='bbox 1173 2867 1273 2941; x_wconf 87' lang='lat' dir='ltr'>abere</span> <span class='ocrx_word' id='word_1_155' title='bbox 1299 2869 1522 2965; x_wconf 90' lang='lat' dir='ltr'>potuerimus</span> <span class='ocrx_word' id='word_1_156' title='bbox 1542 2896 1688 2969; x_wconf 91' lang='lat' dir='ltr'>quoque</span> 
     </span>
     <span class='ocr_line' id='line_1_25' title="bbox 483 2967 1689 3068; baseline 0 -26"><span class='ocrx_word' id='word_1_157' title='bbox 483 2971 611 3044; x_wconf 92' lang='lat' dir='ltr'>modo:</span> <span class='ocrx_word' id='word_1_158' title='bbox 640 2969 821 3044; x_wconf 84' lang='lat' dir='ltr'>Eracmu</span> <span class='ocrx_word' id='word_1_159' title='bbox 836 2969 1085 3068; x_wconf 84' lang='lat' dir='ltr'>perdonamus,</span> <span class='ocrx_word' id='word_1_160' title='bbox 1104 2967 1330 3058; x_wconf 90' lang='lat' dir='ltr'>remittimus,</span> <span class='ocrx_word' id='word_1_161' title='bbox 1348 2985 1385 3042; x_wconf 92' lang='lat' dir='ltr'>et</span> <span class='ocrx_word' id='word_1_162' title='bbox 1402 2969 1597 3045; x_wconf 88' lang='lat' dir='ltr'>relaxamus</span> <span class='ocrx_word' id='word_1_163' title='bbox 1609 2995 1689 3068; x_wconf 87' lang='lat' dir='ltr'>pre-</span> 
     </span>
     <span class='ocr_line' id='line_1_26' title="bbox 482 3068 1689 3170; baseline 0.002 -28"><span class='ocrx_word' id='word_1_164' title='bbox 482 3069 562 3145; x_wconf 84' lang='lat' dir='ltr'>fatis</span> <span class='ocrx_word' id='word_1_165' title='bbox 580 3070 725 3170; x_wconf 90' lang='lat' dir='ltr'>Majori,</span> <span class='ocrx_word' id='word_1_166' title='bbox 744 3069 892 3158; x_wconf 89' lang='lat' dir='ltr'>Balliv0,</span> <span class='ocrx_word' id='word_1_167' title='bbox 919 3087 956 3142; x_wconf 88' lang='lat' dir='ltr'>et</span> <span class='ocrx_word' id='word_1_168' title='bbox 984 3068 1243 3144; x_wconf 89' lang='lat' dir='ltr'>Communitati</span> <span class='ocrx_word' id='word_1_169' title='bbox 1272 3095 1396 3143; x_wconf 90' lang='lat' dir='ltr'>omnes</span> <span class='ocrx_word' id='word_1_170' title='bbox 1413 3087 1447 3143; x_wconf 91' lang='lat' dir='ltr'>et</span> <span class='ocrx_word' id='word_1_171' title='bbox 1465 3071 1689 3145; x_wconf 90' lang='lat' dir='ltr'>omnimodas</span> 
     </span>
     <span class='ocr_line' id='line_1_27' title="bbox 482 3170 1687 3270; baseline -0.001 -25"><span class='ocrx_word' id='word_1_172' title='bbox 482 3173 648 3258; x_wconf 88' lang='lat' dir='ltr'>acciones,</span> <span class='ocrx_word' id='word_1_173' title='bbox 666 3185 786 3259; x_wconf 87' lang='lat' dir='ltr'>sectas,</span> <span class='ocrx_word' id='word_1_174' title='bbox 803 3171 976 3269; x_wconf 87' lang='lat' dir='ltr'>querelas,</span> <span class='ocrx_word' id='word_1_175' title='bbox 997 3170 1249 3268; x_wconf 87' lang='lat' dir='ltr'>impericiones,</span> <span class='ocrx_word' id='word_1_176' title='bbox 1275 3187 1311 3243; x_wconf 88' lang='lat' dir='ltr'>et</span> <span class='ocrx_word' id='word_1_177' title='bbox 1336 3171 1510 3245; x_wconf 88' lang='lat' dir='ltr'>demanda</span> <span class='ocrx_word' id='word_1_178' title='bbox 1526 3197 1614 3270; x_wconf 85' lang='lat' dir='ltr'>quas</span> <span class='ocrx_word' id='word_1_179' title='bbox 1632 3171 1687 3244; x_wconf 88' lang='lat' dir='ltr'>vel</span> 
     </span>
     <span class='ocr_line' id='line_1_28' title="bbox 482 3269 1686 3370; baseline 0.001 -25"><span class='ocrx_word' id='word_1_180' title='bbox 482 3299 553 3370; x_wconf 90' lang='lat' dir='ltr'>que</span> <span class='ocrx_word' id='word_1_181' title='bbox 565 3271 733 3344; x_wconf 88' lang='lat' dir='ltr'>habemus</span> <span class='ocrx_word' id='word_1_182' title='bbox 745 3269 934 3345; x_wconf 89' lang='lat' dir='ltr'>habuimus</span> <span class='ocrx_word' id='word_1_183' title='bbox 950 3295 1014 3344; x_wconf 93' lang='lat' dir='ltr'>seu</span> <span class='ocrx_word' id='word_1_184' title='bbox 1032 3269 1159 3344; x_wconf 87' lang='lat' dir='ltr'>habere</span> <span class='ocrx_word' id='word_1_185' title='bbox 1171 3271 1394 3369; x_wconf 91' lang='lat' dir='ltr'>potuerimus</span> <span class='ocrx_word' id='word_1_186' title='bbox 1408 3297 1530 3346; x_wconf 90' lang='lat' dir='ltr'>versus</span> <span class='ocrx_word' id='word_1_187' title='bbox 1543 3273 1686 3346; x_wconf 89' lang='lat' dir='ltr'>eosdem</span> 
     </span>
     <span class='ocr_line' id='line_1_29' title="bbox 482 3370 1688 3472; baseline 0 -26"><span class='ocrx_word' id='word_1_188' title='bbox 482 3371 672 3472; x_wconf 87' lang='lat' dir='ltr'>Majorem,</span> <span class='ocrx_word' id='word_1_189' title='bbox 707 3370 898 3460; x_wconf 89' lang='lat' dir='ltr'>Ballivum,</span> <span class='ocrx_word' id='word_1_190' title='bbox 933 3387 969 3445; x_wconf 89' lang='lat' dir='ltr'>et</span> <span class='ocrx_word' id='word_1_191' title='bbox 999 3372 1304 3446; x_wconf 86' lang='lat' dir='ltr'>Communitatem</span> <span class='ocrx_word' id='word_1_192' title='bbox 1339 3397 1404 3470; x_wconf 94' lang='lat' dir='ltr'>pro</span> <span class='ocrx_word' id='word_1_193' title='bbox 1429 3371 1606 3470; x_wconf 88' lang='lat' dir='ltr'>premissis</span> <span class='ocrx_word' id='word_1_194' title='bbox 1631 3373 1688 3446; x_wconf 91' lang='lat' dir='ltr'>vel</span> 
     </span>
     <span class='ocr_line' id='line_1_30' title="bbox 480 3471 1687 3572; baseline -0.001 -26"><span class='ocrx_word' id='word_1_195' title='bbox 480 3473 601 3572; x_wconf 85' lang='lat' dir='ltr'>aliquo</span> <span class='ocrx_word' id='word_1_196' title='bbox 638 3471 892 3571; x_wconf 88' lang='lat' dir='ltr'>premissorum</span> <span class='ocrx_word' id='word_1_197' title='bbox 933 3488 996 3546; x_wconf 90' lang='lat' dir='ltr'>aut</span> <span class='ocrx_word' id='word_1_198' title='bbox 1037 3473 1172 3546; x_wconf 88' lang='lat' dir='ltr'>ratione</span> <span class='ocrx_word' id='word_1_199' title='bbox 1218 3471 1274 3545; x_wconf 94' lang='lat' dir='ltr'>vel</span> <span class='ocrx_word' id='word_1_200' title='bbox 1316 3472 1496 3547; x_wconf 83' lang='lat' dir='ltr'>occasione</span> <span class='ocrx_word' id='word_1_201' title='bbox 1539 3473 1687 3572; x_wconf 89' lang='lat' dir='ltr'>premis-</span> 
     </span>
     <span class='ocr_line' id='line_1_31' title="bbox 480 3571 1687 3673; baseline 0.002 -27"><span class='ocrx_word' id='word_1_202' title='bbox 480 3600 613 3662; x_wconf 93' lang='lat' dir='ltr'>sorum,</span> <span class='ocrx_word' id='word_1_203' title='bbox 666 3573 722 3646; x_wconf 89' lang='lat' dir='ltr'>vel</span> <span class='ocrx_word' id='word_1_204' title='bbox 776 3598 901 3646; x_wconf 87' lang='lat' dir='ltr'>eorum</span> <span class='ocrx_word' id='word_1_205' title='bbox 954 3571 1114 3673; x_wconf 90' lang='lat' dir='ltr'>alicujus,</span> <span class='ocrx_word' id='word_1_206' title='bbox 1167 3573 1203 3645; x_wconf 90' lang='lat' dir='ltr'>in</span> <span class='ocrx_word' id='word_1_207' title='bbox 1256 3572 1323 3646; x_wconf 89' lang='lat' dir='ltr'>hiis</span> <span class='ocrx_word' id='word_1_208' title='bbox 1377 3572 1504 3646; x_wconf 88' lang='lat' dir='ltr'>litteris</span> <span class='ocrx_word' id='word_1_209' title='bbox 1558 3575 1687 3649; x_wconf 90' lang='lat' dir='ltr'>nostris</span> 
     </span>
     <span class='ocr_line' id='line_1_32' title="bbox 480 3672 1687 3774; baseline 0 -25"><span class='ocrx_word' id='word_1_210' title='bbox 480 3673 683 3774; x_wconf 89' lang='lat' dir='ltr'>patentibus</span> <span class='ocrx_word' id='word_1_211' title='bbox 734 3673 910 3746; x_wconf 89' lang='lat' dir='ltr'>contentis</span> <span class='ocrx_word' id='word_1_212' title='bbox 961 3689 997 3746; x_wconf 86' lang='lat' dir='ltr'>et</span> <span class='ocrx_word' id='word_1_213' title='bbox 1052 3672 1257 3771; x_wconf 87' lang='lat' dir='ltr'>specificatis</span> <span class='ocrx_word' id='word_1_214' title='bbox 1315 3699 1430 3774; x_wconf 88' lang='lat' dir='ltr'>usque</span> <span class='ocrx_word' id='word_1_215' title='bbox 1489 3675 1687 3772; x_wconf 85' lang='lat' dir='ltr'>predictum</span> 
     </span>
     <span class='ocr_line' id='line_1_33' title="bbox 481 3773 1687 3873; baseline -0.001 -23"><span class='ocrx_word' id='word_1_216' title='bbox 481 3776 687 3851; x_wconf 83' lang='lat' dir='ltr'>vicesimum</span> <span class='ocrx_word' id='word_1_217' title='bbox 722 3775 872 3848; x_wconf 92' lang='lat' dir='ltr'>tercium</span> <span class='ocrx_word' id='word_1_218' title='bbox 905 3774 1000 3849; x_wconf 90' lang='lat' dir='ltr'>diem</span> <span class='ocrx_word' id='word_1_219' title='bbox 1027 3773 1185 3873; x_wconf 87' lang='lat' dir='ltr'>Aprilis:</span> <span class='ocrx_word' id='word_1_220' title='bbox 1229 3773 1288 3848; x_wconf 84' lang='grc' dir='ltr'>Ετ</span> <span class='ocrx_word' id='word_1_221' title='bbox 1325 3799 1516 3849; x_wconf 68' lang='lat' dir='ltr'>uersatus</span> <span class='ocrx_word' id='word_1_222' title='bbox 1549 3802 1612 3850; x_wconf 91' lang='lat' dir='ltr'>nos</span> <span class='ocrx_word' id='word_1_223' title='bbox 1640 3776 1687 3849; x_wconf 91' lang='lat' dir='ltr'>de</span> 
     </span>
     <span class='ocr_line' id='line_1_34' title="bbox 481 3875 1688 3976; baseline -0.002 -23"><span class='ocrx_word' id='word_1_224' title='bbox 481 3877 634 3953; x_wconf 90' lang='lat' dir='ltr'>uberiori</span> <span class='ocrx_word' id='word_1_225' title='bbox 667 3876 782 3976; x_wconf 86' lang='lat' dir='ltr'>gracia</span> <span class='ocrx_word' id='word_1_226' title='bbox 812 3891 930 3949; x_wconf 88' lang='lat' dir='ltr'>nostra</span> <span class='ocrx_word' id='word_1_227' title='bbox 964 3891 999 3948; x_wconf 90' lang='lat' dir='ltr'>et</span> <span class='ocrx_word' id='word_1_228' title='bbox 1034 3891 1153 3948; x_wconf 87' lang='lat' dir='ltr'>nostre</span> <span class='ocrx_word' id='word_1_229' title='bbox 1187 3875 1282 3974; x_wconf 87' lang='lat' dir='ltr'>regie</span> <span class='ocrx_word' id='word_1_230' title='bbox 1315 3877 1499 3973; x_wconf 87' lang='lat' dir='ltr'>potestatis</span> <span class='ocrx_word' id='word_1_231' title='bbox 1532 3877 1688 3976; x_wconf 90' lang='lat' dir='ltr'>plenitu-</span> 
     </span>
     <span class='ocr_line' id='line_1_35' title="bbox 480 3976 1687 4075; baseline -0.002 -21"><span class='ocrx_word' id='word_1_232' title='bbox 480 3981 562 4054; x_wconf 90' lang='lat' dir='ltr'>dine</span> <span class='ocrx_word' id='word_1_233' title='bbox 593 3976 759 4051; x_wconf 91' lang='lat' dir='ltr'>volumus</span> <span class='ocrx_word' id='word_1_234' title='bbox 789 3993 825 4050; x_wconf 93' lang='lat' dir='ltr'>et</span> <span class='ocrx_word' id='word_1_235' title='bbox 854 4001 1017 4075; x_wconf 82' lang='lat' dir='ltr'>expresse</span> <span class='ocrx_word' id='word_1_236' title='bbox 1047 3976 1254 4051; x_wconf 90' lang='lat' dir='ltr'>mandamus</span> <span class='ocrx_word' id='word_1_237' title='bbox 1283 3976 1382 4075; x_wconf 91' lang='lat' dir='ltr'>quod</span> <span class='ocrx_word' id='word_1_238' title='bbox 1409 4003 1552 4075; x_wconf 91' lang='lat' dir='ltr'>presens</span> <span class='ocrx_word' id='word_1_239' title='bbox 1569 3995 1687 4052; x_wconf 86' lang='lat' dir='ltr'>nostra</span> 
     </span>
     <span class='ocr_line' id='line_1_36' title="bbox 479 4076 1685 4177; baseline -0.001 -25"><span class='ocrx_word' id='word_1_240' title='bbox 479 4077 685 4176; x_wconf 76' lang='lat' dir='ltr'>perdonatio</span> <span class='ocrx_word' id='word_1_241' title='bbox 714 4076 788 4150; x_wconf 92' lang='lat' dir='ltr'>sive</span> <span class='ocrx_word' id='word_1_242' title='bbox 818 4076 1005 4166; x_wconf 90' lang='lat' dir='ltr'>concessio,</span> <span class='ocrx_word' id='word_1_243' title='bbox 1036 4093 1072 4151; x_wconf 89' lang='lat' dir='ltr'>et</span> <span class='ocrx_word' id='word_1_244' title='bbox 1101 4102 1225 4150; x_wconf 88' lang='lat' dir='ltr'>omnes</span> <span class='ocrx_word' id='word_1_245' title='bbox 1253 4093 1289 4150; x_wconf 89' lang='lat' dir='ltr'>et</span> <span class='ocrx_word' id='word_1_246' title='bbox 1319 4077 1449 4177; x_wconf 86' lang='lat' dir='ltr'>singuli</span> <span class='ocrx_word' id='word_1_247' title='bbox 1478 4078 1618 4152; x_wconf 89' lang='lat' dir='ltr'>articuli</span> <span class='ocrx_word' id='word_1_248' title='bbox 1647 4079 1685 4151; x_wconf 92' lang='lat' dir='ltr'>in</span> 
     </span>
     <span class='ocr_line' id='line_1_37' title="bbox 478 4177 1686 4277; baseline 0.002 -26"><span class='ocrx_word' id='word_1_249' title='bbox 478 4178 700 4277; x_wconf 88' lang='lat' dir='ltr'>presentibus</span> <span class='ocrx_word' id='word_1_250' title='bbox 724 4177 881 4251; x_wconf 88' lang='lat' dir='ltr'>contenti</span> <span class='ocrx_word' id='word_1_251' title='bbox 907 4194 943 4251; x_wconf 90' lang='lat' dir='ltr'>et</span> <span class='ocrx_word' id='word_1_252' title='bbox 968 4177 1166 4275; x_wconf 90' lang='lat' dir='ltr'>specificati,</span> <span class='ocrx_word' id='word_1_253' title='bbox 1190 4195 1263 4252; x_wconf 91' lang='lat' dir='ltr'>tarn</span> <span class='ocrx_word' id='word_1_254' title='bbox 1294 4203 1368 4277; x_wconf 93' lang='lat' dir='ltr'>quo</span> <span class='ocrx_word' id='word_1_255' title='bbox 1397 4180 1442 4254; x_wconf 88' lang='lat' dir='ltr'>ad</span> <span class='ocrx_word' id='word_1_256' title='bbox 1472 4180 1686 4254; x_wconf 87' lang='lat' dir='ltr'>sentenciam</span> 
     </span>
     <span class='ocr_line' id='line_1_38' title="bbox 477 4279 1687 4381; baseline 0.001 -27"><span class='ocrx_word' id='word_1_257' title='bbox 477 4297 513 4354; x_wconf 90' lang='lat' dir='ltr'>et</span> <span class='ocrx_word' id='word_1_258' title='bbox 538 4279 788 4368; x_wconf 89' lang='lat' dir='ltr'>intencionem,</span> <span class='ocrx_word' id='word_1_259' title='bbox 827 4305 936 4380; x_wconf 86' lang='lat' dir='ltr'>quam</span> <span class='ocrx_word' id='word_1_260' title='bbox 975 4279 1020 4352; x_wconf 93' lang='lat' dir='ltr'>ad</span> <span class='ocrx_word' id='word_1_261' title='bbox 1058 4279 1173 4368; x_wconf 81' lang='lat' dir='ltr'>verba,</span> <span class='ocrx_word' id='word_1_262' title='bbox 1200 4279 1350 4381; x_wconf 86' lang='lat' dir='ltr'>benigne</span> <span class='ocrx_word' id='word_1_263' title='bbox 1380 4279 1620 4356; x_wconf 89' lang='lat' dir='ltr'>favorabiliter</span> <span class='ocrx_word' id='word_1_264' title='bbox 1649 4299 1687 4355; x_wconf 92' lang='lat' dir='ltr'>et</span> 
     </span>
    </p>
   </div>
   <div class='ocr_carea' id='block_1_5' title="bbox 0 0 1874 5304">
    <p class='ocr_par' dir='ltr' id='par_1_5' title="bbox 0 0 1874 5304">
     <span class='ocr_line' id='line_1_39' title="bbox 0 0 1874 5304; baseline 0 2"><span class='ocrx_word' id='word_1_265' title='bbox 0 0 1874 5304; x_wconf 95' lang='lat' dir='ltr'> </span> 
     </span>
    </p>
   </div>
  </div>
 </body>
</html>
