3702 5256
458 467 530 538 402
815 375 1002 516 oovER
1028 435 1303 512 cunnmns

965 639 999 720 C
1014 639 1059 720 X
1072 639 1090 718 1
1104 637 1162 720 X.

718 815 814 884 Ante
833 813 892 897 viij
914 809 1148 896 Septembris,
1169 826 1191 893 3
1212 809 1412 880 Elizabetb.

462 971 554 1048 Hac
581 969 772 1046 indentura
788 985 937 1045 testatur
989 969 1062 1044 uod
1079 967 1275 1043 Richardus
1300 964 1425 1052 Gibbs,
1443 963 1566 1066 Major
1587 961 1672 1036 ville

461 1089 498 1146 et
533 1087 656 1170 portus
698 1073 879 1161 Dovorre,
920 1071 979 1146 Ro
1024 1085 1101 1144 rtus
1151 1069 1263 1159 ffinet,
1308 1065 1510 1140 Willelmus
1560 1063 1670 1150 Caile,

462 1171 667 1247 Wiilelmus
701 1172 905 1276 Tydyman,
934 1197 974 1245 ac
1006 1171 1185 1266 johannes
1226 1169 1346 1262 Ailen,
1382 1165 1545 1241 custodes
1577 1165 1673 1240 dicte

461 1273 556 1365 ville,
577 1273 791 1348 unanimiter
807 1297 946 1348 assensu
963 1288 1000 1345 et
1016 1297 1188 1346 consensu
1211 1295 1278 1369 pro
1294 1285 1330 1342 et
1346 1268 1383 1342 in
1402 1269 1545 1342 nomine
1561 1267 1673 1340 totius

462 1374 741 1450 Communitatis
765 1375 924 1475 ejusdem
940 1371 1025 1448 ville
1049 1372 1273 1448 tradiderunt
1297 1383 1546 1444 concesserunt
1565 1382 1602 1441 et
1627 1367 1673 1440 ad

463 1473 561 1550 feodi
579 1475 718 1550 firmam
744 1475 958 1548 dimiserunt
974 1471 1194 1548 Christofero
1214 1471 1326 1561 Eliot,
1343 1471 1389 1545 de
1404 1470 1489 1545 viiia
1508 1482 1545 1542 et
1564 1484 1673 1568 portu

465 1576 635 1676 predicto,
678 1575 819 1664 bochet,
854 1599 960 1648 unam
1003 1599 1149 1648 vacuam
1183 1572 1316 1674 peciam
1357 1586 1450 1645 terre
1487 1593 1569 1643 cum
1603 1569 1675 1642 suis

467 1677 699 1778 pertinenciis,
714 1677 891 1777 jacentem
908 1692 944 1749 et
961 1675 1171 1749 existentem
1191 1671 1287 1747 infra
1302 1669 1521 1746 Libertatem
1537 1667 1622 1746 ville
1638 1685 1674 1742 et

467 1793 591 1878 portus
619 1775 768 1876 predicti
802 1777 840 1850 in
875 1777 1046 1850 Morrens
1078 1775 1224 1864 Warde,
1252 1773 1344 1846 inter
1372 1787 1504 1846 terram
1529 1768 1674 1845 domine

467 1879 600 1978 regine,
626 1893 786 1952 vocatam
811 1879 848 1950 A
866 1875 1074 1966 Miilhouse,
1100 1875 1210 1950 modo
1235 1875 1271 1947 in
1297 1873 1529 1972 occupacione
1552 1868 1673 1966 Jacobi

467 1977 603 2052 Smithe
635 2003 760 2052 versus
803 1978 1024 2066 northwest;
1067 1990 1104 2050 et
1145 1991 1389 2050 tenementum
1421 1989 1591 2049 vocatum
1624 1971 1677 2044 Le

467 2076 715 2150 Alimeshouse
743 2101 867 2152 versus
896 2077 1103 2166 southeast;
1139 2092 1175 2150 et
1204 2077 1353 2176 Regiam
1380 2089 1527 2148 stratam
1557 2095 1677 2145 versus

468 2178 669 2266 northeast;
703 2192 741 2250 et
768 2201 994 2250 communem
1023 2175 1177 2252 vinelam
1204 2201 1327 2250 versus
1352 2176 1570 2262 southwest;
1606 2197 1677 2272 qua

468 2277 615 2378 quidem
632 2278 730 2378 petia
742 2293 835 2351 terre
857 2278 1016 2352 continet
1032 2277 1070 2350 in
1089 2275 1315 2378 longitudine
1330 2275 1427 2377 xxvj.
1446 2275 1560 2374 pedes,
1586 2273 1676 2346 etin

469 2377 656 2452 latitudine
679 2377 722 2450 ad
745 2393 881 2476 partem
906 2377 1137 2451 *eboreaiem
1163 2376 1250 2478 xvij.
1253 2377 1386 2552 pedes,
1409 2389 1446 2449 et
1470 2374 1515 2450 ad
1540 2391 1678 2473 partem

470 2477 656 2552 australem
681 2477 743 2578 vij.
762 2477 891 2576 pedes:
919 2477 1068 2553 habend'
1086 2494 1122 2552 et
1145 2493 1250 2552 tenen
1279 2477 1288 2506 ’
1315 2475 1509 2578 predictam
1532 2498 1678 2548 vacuam

471 2579 604 2680 peciam
621 2595 712 2653 terre
729 2604 812 2652 cum
829 2577 901 2652 suis
922 2577 1150 2678 pertinenciis
1165 2575 1304 2678 prefato
1321 2575 1545 2653 Christofero
1565 2573 1678 2664 Eliot,

472 2679 659 2754 heredibus
679 2695 715 2752 et
731 2679 912 2779 assignatis
932 2681 1016 2772 suis,
1033 2695 1070 2754 et
1095 2680 1138 2753 ad
1156 2705 1261 2753 usum
1283 2679 1393 2778 ipsius
1409 2674 1621 2753 Christoferi
1642 2691 1678 2748 et

470 2781 641 2856 heredum
656 2797 692 2854 et
709 2779 968 2880 assignatorum
984 2805 1134 2855 suorum
1152 2805 1217 2880 pro
1235 2781 1388 2854 termino
1405 2779 1476 2880 mtj.
1490 2801 1678 2864 annorum,

471 2899 507 2956 et
554 2880 702 2955 ulterius
743 2881 788 2954 de
837 2880 907 2982 xxj.
950 2905 1125 2955 annorum
1171 2881 1208 2954 in
1250 2879 1321 2982 aotj.
1364 2904 1549 2966 armorum,
1594 2891 1681 2950 tunc

473 2981 543 3083 xxj.
586 2982 821 3082 sequentium,
863 3007 976 3081 usque
1026 2982 1063 3055 in
1104 2981 1211 3055 finem
1261 2980 1404 3054 termini
1446 2980 1492 3056 de
1522 2977 1677 3052 lmndx.

472 3106 648 3156 annorum
676 3082 921 3180 proximorum
950 3081 1172 3180 sequentium
1198 3097 1280 3181 post
1304 3083 1429 3156 datum
1462 3079 1680 3179 presentium

473 3181 624 3282 plenarie
640 3181 840 3279 complend'
856 3211 864 3255 :
884 3197 920 3256 et
936 3179 1084 3256 faciend’
1102 3183 1185 3256 inde
1197 3181 1384 3256 servicium
1401 3181 1546 3256 domine
1562 3195 1683 3253 nostre

474 3282 607 3383 Regine
623 3299 659 3356 et
677 3282 934 3356 successoribus
949 3283 1021 3356 suis
1036 3281 1533 3357 secundumconsuetudinem
1543 3280 1629 3358 ville
1646 3295 1683 3352 et

472 3399 597 3481 portus
625 3380 774 3480 predicti
800 3407 881 3456 cum
906 3383 1094 3458 acciderit:
1131 3400 1168 3458 et
1192 3381 1362 3459 reddend’
1392 3384 1475 3457 inde
1499 3379 1681 3456 annuatim

475 3481 608 3584 Majori
637 3482 731 3555 dicte
755 3481 839 3557 ville
873 3484 937 3583 qui
964 3509 1031 3585 pro
1059 3500 1220 3584 tempore
1250 3483 1382 3558 fuerint
1410 3499 1447 3557 et
1475 3481 1683 3556 custodibus

474 3581 633 3684 ejusdem
662 3583 699 3654 in
737 3580 830 3658 festo
860 3585 1130 3684 Assumpcionis
1159 3582 1259 3659 beate
1285 3585 1403 3659 Marie
1430 3582 1602 3682 Virginis,
1631 3607 1680 3654 vs.

475 3683 597 3784 legalis
625 3698 767 3756 monete
795 3683 954 3784 Anglie:
994 3700 1031 3759 et
1059 3685 1088 3758 si
1118 3687 1300 3787 contingat
1328 3685 1465 3760 dictum
1499 3681 1685 3758 annualem

475 3783 656 3858 redditum
686 3783 730 3856 de
763 3809 816 3860 vs.
852 3811 872 3858 a
904 3801 1002 3859 retro
1030 3783 1107 3860 fore
1136 3787 1230 3860 ultra
1258 3785 1451 3860 terminum
1485 3783 1685 3883 predictum

475 3911 538 3986 per
553 3883 638 3984 xiiij.
657 3882 731 3957 dies
747 3883 943 3959 insolutum
956 3885 993 3960 in
1010 3903 1109 3984 parte
1126 3887 1183 3960 vel
1200 3887 1237 3960 in
1247 3903 1338 3977 toto,
1355 3904 1443 3962 tunc
1459 3885 1599 3959 licitum
1615 3883 1686 3957 erit

478 3985 610 4086 Majori
644 3999 681 4057 et
715 3985 935 4060 Custodibus
967 3987 1029 4087 qui
1063 4003 1149 4062 tunc
1191 4013 1258 4086 pro
1291 4004 1451 4086 tempore
1485 3985 1618 4060 fuerint
1646 3983 1686 4056 in

476 4087 669 4185 predictam
696 4086 829 4183 peciam
855 4101 948 4159 terre
974 4113 1057 4161 cum
1081 4087 1155 4162 suis
1180 4087 1415 4186 pertinenciis,
1441 4087 1487 4161 ad
1511 4110 1689 4186 quorum-
1768 4115 1772 4122 ·

476 4211 629 4285 cumque
654 4209 780 4260 manus
808 4188 976 4278 evenerit,
993 4187 1164 4262 reintrare
1188 4205 1225 4262 et
1251 4189 1391 4288 pacifice
1417 4185 1594 4286 possidere
1618 4183 1689 4259 sibi
