3756 5270
399 411 472 504 264
759 405 940 480 DOVER
966 404 1247 479 CHARTERS

852 606 944 686 Lx
957 607 1000 685 X
1013 606 1057 685 X
1071 607 1089 685 1
1101 605 1152 686 V.

724 781 825 864 xxiiij
850 781 1005 865 August,
1030 792 1069 864 17
1095 780 1194 847 Edu.
1223 780 1282 845 tv.

401 939 490 1013 Hsc
509 938 697 1012 indentura
713 952 864 1011 testatur
881 938 978 1036 quod
998 936 1175 1011 Robertus
1192 937 1368 1034 Vyncent,
1388 935 1509 1036 Major
1526 935 1609 1007 ville

399 1067 438 1114 ac
455 1041 586 1113 Portus
602 1041 778 1128 Dovorre‚
796 1037 972 1131 johannes
999 1038 1150 1128 ffullare‚
1177 1036 1355 1112 Robertus
1371 1038 1556 1126 Sinethiot,
1573 1055 1609 1110 et

400 1139 594 1214 Nicholaus
623 1141 730 1237 ffyne,
762 1138 939 1214 Custodes
968 1139 1061 1214 dicte
1091 1139 1185 1228 ville,
1219 1139 1377 1212 unanimi
1407 1163 1547 1212 assensu
1574 1155 1609 1210 et

400 1267 575 1316 concensu
615 1241 729 1314 tocius
771 1241 1047 1314 Communitatis
1085 1241 1243 1341 ejusdem
1274 1241 1358 1312 ville
1387 1241 1609 1314 tradiderunt

401 1358 645 1417 concesserunt
687 1359 723 1416 et
765 1342 810 1416 ad
859 1339 954 1415 feodi
1006 1342 1144 1415 firmam
1195 1341 1406 1415 dimiserunt
1457 1341 1609 1436 Johanni

401 1445 659 1543 Tempylmane
676 1467 783 1516 unam
806 1443 959 1542 placeam
977 1459 1070 1516 terre
1094 1442 1270 1543 jacentem
1300 1441 1391 1514 infra
1413 1440 1609 1516 libertatem

401 1547 534 1618 Portus
556 1547 727 1618 Dovorre
757 1545 793 1616 in
826 1544 1119 1641 Mankynwarde,
1150 1545 1242 1616 inter
1277 1559 1408 1617 terram
1439 1543 1612 1642 Hugonis

403 1647 553 1721 Shereve
570 1671 690 1718 versus
708 1645 826 1732 north,
845 1663 974 1718 terram
991 1645 1133 1718 ecclesie
1158 1643 1274 1718 Sancti
1301 1643 1466 1717 Nicholai
1494 1669 1613 1717 versus

401 1764 485 1834 east,
516 1763 647 1820 terram
677 1746 828 1819 Simonis
858 1747 983 1820 Lovell
1014 1771 1136 1820 versus
1165 1747 1290 1834 sovvth,
1321 1762 1357 1819 et
1385 1769 1611 1818 communem

402 1849 576 1921 venellam
594 1871 717 1919 versus
733 1863 841 1920 west:
870 1845 1019 1919 habend‘
1036 1863 1073 1919 et
1090 1845 1231 1920 tenend’
1250 1846 1441 1944 predictam
1460 1847 1612 1944 placeam

402 1966 495 2023 terre
525 1973 606 2020 cum
635 1948 707 2020 suis
736 1947 961 2046 pertinenciis
989 1945 1128 2045 prefato
1155 1947 1307 2043 Johanni
1343 1947 1612 2045 Tempylmane,

404 2047 590 2123 heredibus
618 2063 654 2120 et
683 2048 865 2147 assignatis
902 2047 974 2121 suis
1011 2049 1297 2146 imperpetuum:
1339 2046 1500 2121 ffacieud’
1531 2048 1613 2120 inde

405 2150 593 2224 servicium
622 2149 759 2221 domini
792 2147 899 2248 Regis
928 2149 1121 2222 secundum
1160 2149 1450 2222 consuetudinem
1490 2167 1614 2248 portus

406 2249 556 2350 predicti
574 2274 656 2323 cum
674 2249 855 2323 evenerit:
883 2264 920 2321 et
937 2250 1106 2324 reddend'
1125 2251 1206 2323 inde
1225 2251 1358 2351 Majori
1381 2266 1417 2322 et
1444 2250 1614 2324 Custodi-

406 2355 471 2426 bus
497 2351 590 2424 dicte
618 2351 700 2422 ville
726 2351 787 2449 qui
816 2375 882 2449 pro
909 2369 1070 2450 tempore
1097 2349 1230 2424 fuerint
1257 2351 1438 2424 annuatim
1460 2351 1495 2422 in
1524 2349 1615 2424 festo

406 2451 613 2526 Nativitatis
629 2451 744 2524 Sancti
761 2451 931 2546 Johannis
958 2451 1116 2550 Baptista
1141 2451 1247 2552 *iiij0‘
1273 2453 1433 2526 denarios
1459 2451 1616 2524 annualis

407 2553 591 2627 redditus:
644 2567 680 2624 et
723 2553 750 2624 si
795 2553 979 2650 contingat
1020 2552 1156 2625 dictum
1204 2554 1390 2626 annualem
1434 2551 1613 2626 redditum

406 2654 561 2728 duorum
590 2653 622 2752 [?
642 2652 813 2752 quatuor]
851 2654 1078 2728 denariorum
1114 2670 1230 2726 aretro
1262 2653 1339 2726 fore
1365 2655 1457 2727 ultra
1483 2653 1615 2727 festum

408 2755 609 2855 predictum
637 2779 699 2852 per
726 2752 815 2827 vveim
850 2755 926 2828 dies
952 2780 1024 2827 non
1051 2754 1210 2828 solutum
1233 2771 1361 2827 extunc
1387 2755 1525 2828 licitum
1548 2755 1615 2827 erit

409 2856 540 2956 Majori
559 2872 595 2928 et
613 2854 834 2931 Custodibus
852 2854 933 2928 ville
950 2855 1106 2953 predicte
1123 2858 1184 2955 qui
1207 2881 1272 2952 pro
1297 2873 1457 2955 tempore
1483 2855 1616 2929 fuerint

407 2959 444 3030 in
462 2956 655 3056 predictam
673 2957 826 3054 placeam
845 2973 935 3028 terre
954 2981 1034 3029 cum
1047 2958 1119 3029 suis
1140 2957 1365 3054 pertinenciis
1382 2957 1426 3029 ad
1443 2982 1616 3056 quorum-

408 3083 559 3157 cumque
590 3082 714 3130 manus
744 3058 976 3156 imposterum
1006 3059 1162 3131 evenerit
1193 3059 1363 3129 reintrare
1400 3074 1436 3129 et
1476 3059 1615 3156 pacifice

409 3158 588 3259 possidere
622 3157 688 3229 sibi
724 3174 759 3230 et
795 3183 919 3231 eorum
949 3157 1204 3232 successoribus
1235 3157 1435 3258 Majoribus
1461 3177 1496 3232 et
1525 3158 1617 3232 Cus-

409 3258 552 3333 todibus
578 3257 734 3358 ejusdem
763 3257 845 3331 ville
872 3260 1158 3357 imperpetuum:
1186 3260 1332 3356 proviso
1358 3285 1496 3358 semper
1519 3261 1617 3358 quod

410 3357 557 3460 predicti
590 3358 723 3458 Major,
754 3359 942 3448 Custodes,
973 3377 1008 3432 et
1038 3360 1298 3448 Communitas‚
1328 3386 1366 3432 ac
1403 3386 1617 3434 successores

409 3461 464 3533 sui
495 3461 533 3532 in
568 3459 724 3557 predicta
759 3459 876 3558 placea
911 3477 1002 3533 terre
1037 3460 1215 3534 habebunt
1250 3487 1437 3534 commune
1472 3487 1616 3558 parcum

411 3586 515 3635 suum
533 3559 577 3633 ad
595 3559 840 3657 imparcandos
856 3586 983 3659 porcos
1009 3561 1084 3634 sine
1110 3561 1224 3661 aliqua
1249 3562 1532 3635 contradiccione
1557 3581 1618 3637 aut

410 3661 668 3762 impedimento
709 3661 796 3735 dicti
837 3662 1008 3755 Johannis
1049 3663 1299 3761 Tempylman‚
1351 3663 1522 3736 heredum
1561 3664 1619 3738 vel

410 3763 666 3862 assignatorum
691 3787 852 3850 suorum,
879 3763 1167 3861 imperpetuum:
1198 3781 1234 3836 et
1261 3763 1409 3863 predicti
1439 3765 1618 3838 Robertus

410 3864 586 3962 Vyncent,
602 3863 735 3963 Major,
748 3862 937 3954 Custodes,
948 3882 985 3937 et
1003 3865 1264 3954 Communitas‚
1282 3881 1317 3938 et
1334 3891 1548 3939 successores
1565 3867 1617 3940 sui

410 3966 605 4064 predictam
619 3964 773 4063 placeam
787 3981 878 4037 terre
891 3991 972 4038 cum
985 3966 1056 4039 suis
1069 3965 1294 4063 pertinenciis
1310 3965 1448 4064 prefato
1466 3967 1618 4061 Johanni

411 4067 663 4164 Tempylman‚
688 4065 874 4139 heredibus
899 4083 934 4138 et
960 4067 1143 4166 assignatis
1178 4068 1262 4156 suis,
1297 4068 1407 4141 modo
1441 4085 1477 4140 et
1504 4067 1619 4142 forma

413 4167 573 4264 predicto
600 4181 723 4238 contra
748 4191 869 4240 omnes
894 4184 1016 4267 gentes
1041 4168 1319 4242 warantizabunt
1343 4169 1617 4267 imperpetuum.

548 4291 657 4352 *Duos
672 4312 728 4352 was
743 4294 860 4354 written
874 4294 932 4352 aud
947 4295 1052 4366 erased,
1067 4295 1133 4374 iiij*
1147 4294 1234 4371 being
1247 4294 1374 4356 inserted
1387 4295 1486 4356 above.
