3728 5256
460 488 528 580 14⁶
815 487 997 563 norme
1023 487 1303 564 cunursns

896 788 1183 869 .va111.

829 959 1196 1044 xviiJunii‚4Hen
1221 961 1282 1030 tv.

453 1117 601 1192 Scrnur
628 1135 804 1217 presentes
832 1136 868 1192 et
897 1117 1011 1194 futuri
1041 1121 1138 1219 quod
1166 1143 1245 1219 ego,
1263 1118 1467 1193 Willelmus
1483 1117 1661 1208 (ἤτω,

454 1218 537 1292 alias
562 1236 707 1294 vocatus
734 1219 904 1320 Harpele‚
928 1222 973 1295 de
998 1221 1114 1294 Seinte
1144 1221 1432 1319 Mergretelenne
1468 1221 1504 1292 in
1541 1219 1664 1294 Comi-

454 1336 531 1392 tatu
557 1318 796 1411 Northfolcie,
821 1321 915 1411 dedi,
940 1323 1106 1412 concessi,
1131 1339 1179 1410 et,
1205 1322 1268 1393 hac
1292 1321 1445 1420 presenti
1463 1337 1558 1394 carta
1573 1345 1662 1410 mes,

454 1421 658 1495 confirmavi
686 1423 839 1517 Johanni
871 1423 1017 1497 Petham
1044 1423 1090 1496 de
1116 1423 1295 1513 Dovorra,
1322 1438 1434 1496 totam
1460 1438 1664 1521 propartem

455 1535 567 1596 meam
586 1524 689 1596 unius
706 1523 874 1622 quarterii
893 1525 991 1599 ordei
1011 1524 1123 1623 palme
1148 1541 1318 1623 perpetue
1334 1541 1370 1596 et
1387 1523 1546 1596 annualis
1563 1523 1663 1596 firme

454 1625 658 1725 exurgentis
675 1625 856 1698 annuatim
874 1625 918 1698 de
935 1625 1071 1698 duabus
1088 1627 1175 1698 acris
1193 1641 1284 1697 terre
1312 1623 1505 1697 Alexandri
1533 1623 1663 1698 Nealot

454 1725 498 1797 de
516 1727 694 1813 Dovorra,
706 1725 905 1826 jacentibus
921 1725 959 1798 in
976 1726 1139 1826 parochia
1158 1726 1202 1799 de
1220 1725 1407 1825 Hugham,
1424 1742 1461 1799 et
1478 1741 1603 1799 tenura
1619 1725 1663 1798 de

453 1825 676 1922 Syberstone,
693 1825 868 1916 videlicet,
886 1827 978 1902 inter
996 1844 1125 1900 terram
1143 1827 1313 1900 heredum
1335 1826 1481 1900 Marthe
1505 1829 1559 1901 Bo
1622 1852 1664 1923 ys

454 1951 576 2000 versus
605 1943 697 2000 easte
726 1943 762 2001 et
793 1927 932 2016 northe,
962 1944 999 2001 et
1028 1929 1119 2001 inter
1149 1945 1279 2002 terram
1309 1928 1452 2001 Thome
1478 1943 1535 2000 ate
1598 1926 1662 1999 alle

454 2052 577 2100 versus
605 2043 710 2100 weste
739 2045 775 2102 et
804 2028 943 2116 southe,
974 2053 1044 2128 que
1072 2029 1218 2127 quidem
1244 2053 1390 2127 propars
1415 2029 1513 2103 ordei
1531 2027 1567 2102 in
1580 2029 1662 2130 jure

453 2126 666 2202 hereditario
696 2152 757 2227 per
787 2145 939 2202 mortem
971 2128 1116 2202 Roberti
1147 2130 1317 2226 Harpele,
1335 2131 1518 2229 quondam
1545 2129 1664 2202 fratris

454 2229 536 2317 mei,
564 2254 678 2328 nuper
691 2265 693 2271 ·
706 2229 907 2304 accidebat:
935 2229 1085 2304 habend'
1103 2246 1139 2302 et
1163 2229 1379 2329 percipiend’
1398 2246 1510 2304 totam
1528 2231 1660 2304 dictam

453 2346 656 2429 propartem
682 2355 797 2404 meam
813 2330 900 2404 dicti
921 2330 1087 2430 quarterii
1106 2331 1203 2404 ordei
1222 2330 1323 2403 firme
1340 2330 1479 2430 prefato
1493 2331 1660 2426 Johsnni,

453 2429 639 2505 heredibus
655 2447 692 2503 et
707 2431 780 2504 suis
796 2432 990 2532 assignatis,
1007 2431 1269 2530 imperpetuum
1296 2433 1340 2506 ad
1366 2433 1554 2506 servicium
1578 2432 1661 2505 inde

452 2531 643 2606 solucionis
669 2531 828 2606 debitum
853 2549 891 2606 et
916 2549 1125 2607 consuetum
1143 2531 1246 2632 juxta
1262 2549 1423 2607 tenorem
1440 2533 1661 2633 quar-undem

453 2635 723 2708 indenturarum
740 2633 832 2706 inter
848 2631 1003 2732 prefatos
1020 2633 1267 2709 Menandrum
1296 2650 1331 2706 et
1363 2633 1560 2708 Robertum
1577 2634 1661 2707 inde

452 2733 691 2809 confectarum
728 2733 877 2808 fideliter
911 2735 1091 2808 annuatim
1117 2732 1351 2809 solvendum:
1388 2751 1424 2808 et
1458 2760 1538 2836 ego,
1566 2735 1661 2808 Wil-

451 2837 579 2910 lelmus
595 2835 793 2911 antedictus
814 2851 851 2908 et
876 2835 1020 2911 heredes
1045 2835 1116 2909 mei
1142 2851 1253 2910 totam
1280 2860 1393 2908 meam
1418 2835 1550 2909 dictam
1576 2862 1661 2935 pro-

453 2954 589 3037 partem
616 2937 702 3011 dicti
729 2937 896 3036 quarterii
935 2935 1033 3012 ordei
1072 2936 1171 3010 firme
1207 2937 1455 3035 prenominato
1492 2937 1660 3032 Johanni,

452 3038 640 3113 heredibus
662 3054 699 3111 et
724 3039 796 3111 suis
812 3038 1007 3139 assignatis,
1025 3053 1147 3112 contra
1163 3063 1286 3111 omnes
1307 3054 1431 3138 gentes
1455 3039 1661 3112 warantiza-

452 3138 568 3214 bimus
584 3139 859 3238 imperpetuum.

528 3241 568 3314 ln
585 3239 686 3340 cujus
704 3240 753 3313 rei
770 3239 1015 3314 testimonium
1032 3239 1114 3312 huic
1131 3237 1285 3338 presenti
1302 3254 1397 3312 carte
1410 3263 1487 3312 mee
1503 3239 1659 3341 sigillum

451 3366 570 3414 meum
587 3340 745 3439 apposui.

526 3442 620 3513 Data
661 3439 754 3539 apud
803 3439 1017 3539 Syberstone
1058 3440 1198 3513 decimo
1250 3442 1402 3538 septimo
1451 3441 1510 3516 die
1560 3442 1659 3535 Junii

450 3568 544 3616 anno
574 3541 673 3640 regni
705 3540 812 3640 Regis
850 3539 1016 3632 Henrici,
1047 3538 1107 3641 iiiji
1137 3557 1219 3641 post
1253 3558 1488 3641 conquestum
1525 3543 1661 3643 Anglie

476 3658 587 3718 uarto.

449 3669 473 3744 q
525 3741 613 3818 Hiis
629 3740 800 3814 testibus:
830 3739 974 3814 Thoma
989 3742 1107 3830 Gilis;
1133 3743 1277 3816 Thoma
1303 3759 1358 3816 ate
1385 3742 1519 3830 Halle3
1546 3745 1660 3816 Alex-

448 3844 560 4020 andaip'
577 3843 823 3943 Chilyndene;
848 3843 1009 3938 Johanne
1030 3844 1220 3942 Mayster3
1251 3844 1448 3918 Edmundo
1468 3844 1660 3932 Marchal3

448 3963 484 4020 et
540 3970 593 4020 ns.
