3738 5304
452 511 524 604 326
811 507 991 583 uovEn
1018 506 1297 583 cHnnrsns

983 810 1138 891 XCV.

761 1005 815 1052 xx
838 985 1070 1068 Septembris,
1091 995 1113 1066 5
1135 984 1228 1052 Hera
1250 982 1352 1050 vm.

452 1145 543 1220 Huc
571 1145 760 1219 indentura
787 1159 936 1218 testatur
963 1144 1061 1243 quod
1090 1143 1286 1216 Nicholaus
1310 1141 1422 1240 Aldy,
1442 1141 1563 1243 Major
1579 1141 1661 1216 ville

451 1272 490 1321 ac
508 1247 640 1319 Portus
657 1247 834 1334 Dovorre,
852 1262 888 1318 et
903 1245 1018 1339 Jurati
1035 1246 1194 1347 ejusdem
1212 1243 1303 1333 ville,
1334 1269 1397 1342 per
1422 1267 1600 1316 assensum
1625 1259 1661 1314 et

452 1373 662 1421 concensum
681 1348 797 1420 tocius
814 1346 1096 1422 Communitatis
1117 1361 1373 1434 concesserunt,
1389 1345 1612 1434 dimiserunt,
1623 1370 1662 1416 ac

453 1449 675 1523 tradiderunt
695 1448 852 1522 Robcrto
869 1447 987 1535 ffluce,
1005 1448 1049 1522 de
1070 1449 1246 1537 Dovorra,
1273 1471 1380 1519 unam
1406 1462 1536 1519 terram
1561 1444 1662 1518 edifi-

454 1567 566 1623 catam
591 1550 767 1650 jacentem
798 1546 890 1622 infra
918 1548 1116 1626 libertatem
1148 1547 1278 1621 Portus
1309 1547 1473 1622 Dovorre
1495 1547 1533 1618 in
1559 1547 1663 1619 Snar-

452 1651 663 1749 gatewarde,
682 1650 855 1737 videlicet,
873 1650 918 1723 ad
935 1651 1112 1750 quendam
1130 1665 1269 1747 portam
1298 1665 1459 1722 vocatam
1483 1649 1661 1746 Snargate,

453 1769 489 1824 et
508 1753 655 1850 Regiam
679 1767 826 1824 stratam
850 1749 992 1840 ibidem,
1020 1769 1056 1824 et
1082 1768 1210 1823 terram
1236 1748 1400 1824 Nicholai
1427 1750 1520 1822 Tem
1546 1748 1662 1821 leman

454 1877 575 1925 versus
593 1853 771 1925 northeast
788 1867 825 1925 et
843 1868 954 1940 west3
984 1868 1019 1924 et
1037 1869 1167 1925 terram
1181 1877 1294 1948 nuper
1305 1851 1476 1945 Johannis
1490 1775 1663 1949 Cllaryng-

457 1952 541 2026 bold
560 1978 680 2025 versus
697 1954 915 2026 southwest:
944 1952 1093 2027 habend'
1111 1969 1146 2025 et
1168 1951 1310 2025 tenend’
1336 1951 1530 2050 predictam
1556 1975 1662 2024 unam

455 2069 584 2126 terram
610 2050 747 2150 prefato
771 2052 931 2126 Robcrto
956 2053 1069 2142 ffluce,
1093 2052 1279 2129 heredibus
1309 2069 1344 2126 et
1377 2053 1560 2153 assignatis
1589 2052 1661 2125 suis

454 2154 742 2252 imperpetuum:
771 2153 932 2227 ffieiend’
961 2154 1043 2228 inde
1069 2155 1255 2228 servicium
1283 2153 1421 2227 domini
1450 2153 1558 2252 Regis
1580 2178 1662 2225 curn

455 2255 620 2328 acciderit
636 2255 830 2328 secundum
849 2253 1144 2328 consuetudinem
1171 2271 1297 2353 portus
1313 2254 1486 2354 predicti:
1503 2254 1662 2364 ⁸aceciam

455 2355 625 2431 reddend’
643 2353 787 2452 prefatis
804 2354 951 2456 Majori,
968 2355 1112 2449 Juratis,
1134 2371 1170 2428 et
1196 2355 1468 2446 Communitati,
1485 2373 1520 2430 et
1538 2379 1662 2428 eorum

453 2455 711 2529 successoribus
728 2457 990 2554 imperpetuum
1008 2457 1195 2530 annualem
1217 2457 1398 2532 redditum
1417 2481 1477 2528 sex
1502 2456 1663 2542 denarios

455 2557 577 2658 legalis
593 2572 736 2631 monete
752 2557 895 2659 Anglie,
913 2558 956 2631 ad
975 2555 1106 2632 festum
1124 2557 1331 2632 Nativitatis
1353 2557 1468 2631 Sancti
1492 2557 1663 2651 Johannis

456 2659 612 2756 Baptiste
628 2657 813 2733 solvend':
840 2660 922 2733 etsi
943 2659 1346 2760 contingat-predictum
1372 2657 1556 2732 annualem
1583 2657 1663 2730 red-

455 2759 573 2833 ditum
599 2785 659 2833 sex
683 2761 923 2851 denariorum,
951 2759 1006 2834 vel
1032 2759 1148 2858 aliqua
1172 2760 1320 2858 parcella
1344 2760 1437 2849 inde,
1457 2761 1502 2834 ad
1519 2759 1663 2858 aliquod

457 2859 588 2934 festum
614 2885 687 2976 quo
712 2860 801 2934 solvi
828 2861 952 2936 debeat
975 2877 1092 2934 aretro
1117 2860 1206 2949 fore,
1233 2877 1320 2933 tunc
1338 2859 1426 2934 bene
1445 2859 1564 2934 licebit
1582 2886 1662 2958 pre-

455 2959 538 3035 fatis
556 2961 700 3062 Majori,
716 2961 862 3056 juratis,
880 2978 916 3036 et
933 2961 1194 3035 Communitati
1211 2961 1370 3059 predicte
1388 2961 1470 3036 ville
1486 2980 1521 3035 ct
1538 2987 1662 3035 eorum

456 3061 710 3136 successoribus
737 3063 773 3135 in
801 3063 995 3160 predictam
1023 3087 1129 3136 unam
1157 3078 1286 3136 terram
1314 3063 1445 3138 intrare
1465 3080 1502 3137 et
1518 3063 1664 3138 distrin-

456 3188 551 3262 gere,
569 3179 605 3236 et
632 3163 874 3238 districciones
898 3164 947 3236 sic
972 3181 1088 3262 captas
1113 3162 1284 3237 abducere
1309 3181 1345 3236 et
1371 3179 1548 3262 asportare
1573 3187 1665 3263 quo-

457 3279 569 3364 usque
585 3262 630 3336 de
647 3265 804 3363 eoquod
821 3280 939 3338 aretro
956 3263 1066 3338 fuerit
1083 3264 1129 3336 sit
1145 3265 1195 3336 eis
1211 3263 1439 3339 satisfactum.

532 3364 574 3436 ln
599 3364 699 3465 cujus
725 3364 774 3438 rei
801 3365 1046 3439 testimonium
1066 3365 1223 3465 sigillum
1241 3365 1347 3439 officii
1366 3365 1565 3467 Majoratus
1581 3364 1663 3438 ville

457 3465 623 3538 Dovorre
640 3465 862 3563 presentibus
878 3482 931 3540 est
953 3491 1160 3564 appensum.

530 3567 623 3638 Data
639 3570 735 3665 apud
754 3567 956 3641 Dovorram
973 3567 1167 3664 predictam
1185 3567 1350 3640 vicesimo
1368 3569 1425 3642 die
1451 3566 1664 3665 Septembris

455 3691 549 3739 anno
566 3667 666 3766 regni
686 3667 793 3765 Regis
811 3667 962 3742 Henrici
986 3669 1101 3742 octavi
1122 3669 1262 3768 quinto.

458 4067 543 4167 [45]
