3756 5270
471 445 541 512 288
839 442 1020 516 DOVER
1047 443 1327 518 CHARTERS

469 641 710 732 clamationes,
754 641 829 717 sive
868 644 1000 716 clames
1043 644 1098 716 vel
1126 669 1197 718 non
1234 643 1377 733 danea,
1417 641 1688 741 prosecuciones

471 743 722 841 usurpaciones
748 769 834 818 usus
861 743 991 818 abusus
1018 744 1203 819 abusiones
1233 762 1268 819 et
1300 771 1373 818 non
1403 769 1487 818 usus
1513 769 1688 843 quarum·

469 867 626 942 cumque
655 843 862 919 libertatum
896 843 1172 920 franchesiarum
1206 846 1479 947 privilegiorum
1512 863 1549 919 et
1576 845 1689 945 juris-

468 945 684 1036 diccionum,
701 962 887 1022 retornum
912 947 1076 1022 brevium
1102 964 1350 1046 preceptorum
1375 963 1412 1021 et
1439 946 1687 1021 mandatorum

469 1063 689 1137 nostrorum,
711 1065 773 1122 aut
803 1047 951 1149 alicujus
979 1049 1218 1148 progenitoris
1246 1049 1369 1138 nostri,
1395 1064 1431 1121 et
1459 1048 1687 1122 execuciones

470 1148 678 1240 eorundem,
722 1174 760 1222 ac
789 1149 918 1223 *vicus
948 1149 1269 1249 ffranciplegiarum
1303 1166 1340 1222 et
1374 1174 1687 1248 quarumcumque

469 1249 673 1324 libertatum
719 1275 781 1324 seu
831 1251 1121 1326 'urisdiccionum
1159 1251 1440 1351 justiciariorum
1483 1251 1587 1350 pacis,
1628 1249 1687 1324 vel

464 1349 743 1451 justiciariorum
795 1275 840 1425 ad
887 1352 1005 1451 gaolas
1058 1350 1289 1441 deliberand',
1339 1368 1376 1424 et
1435 1367 1686 1425 coronatorum

470 1451 632 1542 habend‘,
667 1478 705 1526 ac
744 1477 1056 1552 quarumcumque
1098 1452 1244 1526 aliarum
1278 1452 1484 1526 libertatum
1526 1450 1688 1525 franche-

469 1553 600 1627 siarum
642 1553 941 1654 jurisdiccionum
982 1572 1018 1626 et
1065 1553 1334 1654 privilegiorum
1370 1579 1688 1651 quorumcumque

470 1653 603 1753 absque
630 1655 825 1728 Warranto
854 1655 965 1754 regio,
990 1680 1052 1753 per
1086 1655 1180 1752 ipsos
1211 1654 1400 1754 Majorem,
1431 1653 1620 1743 Ballivum‚
1650 1669 1688 1736 et

471 1755 787 1844 Communitatem,
815 1772 896 1829 ante
932 1757 1131 1854 predictum
1168 1755 1374 1828 vicesimum
1410 1755 1558 1828 tercium
1592 1757 1687 1828 diem

471 1855 619 1954 Aprilis,
644 1853 750 1929 factas
775 1871 810 1930 et
836 1854 998 1930 habitas:
1027 1857 1178 1930 Necnon
1201 1855 1424 1930 omnimodas
1447 1853 1688 1929 forisfacturas

470 1957 557 2029 fines
595 1981 701 2054 penas
733 1972 769 2030 et
812 1956 1034 2030 omnimodas
1080 1957 1306 2032 denariorum
1353 1981 1510 2030 summas
1552 1958 1687 2030 ratione

471 2057 650 2130 occasione
679 2055 734 2128 vel
764 2059 1017 2154 premissorum
1036 2059 1163 2147 colore,
1189 2059 1263 2131 sive
1285 2082 1411 2132 eorum
1439 2057 1598 2158 alicujus,
1625 2082 1687 2155 per

472 2159 567 2256 ipsos
595 2157 786 2258 Majorem,
805 2157 994 2246 Ballivum,
1018 2175 1053 2232 et
1085 2158 1406 2247 communitatem,
1425 2175 1505 2232 ante
1531 2159 1685 2233 eundem

470 2257 566 2332 diem
584 2273 763 2356 perceptas
779 2260 851 2332 sive
869 2275 1031 2355 receptas,
1051 2275 1111 2332 aut
1130 2258 1247 2347 nobis,
1266 2285 1328 2333 seu
1345 2260 1448 2334 alicui
1468 2261 1686 2358 progenitori

472 2375 605 2448 nostro,
644 2359 778 2432 ratione
825 2359 1089 2457 premissorum,
1130 2386 1192 2433 seu
1226 2385 1353 2434 eorum
1399 2359 1559 2462 alicujus,
1608 2387 1688 2460 per-

472 2461 606 2536 tinend’
624 2459 760 2534 debitas
781 2459 855 2533 sive
872 2477 1079 2557 spectantes,
1102 2477 1139 2535 et
1165 2463 1304 2536 easdem
1333 2458 1573 2534 forisfacturas
1599 2462 1688 2534 fines

471 2587 577 2660 penas
610 2578 646 2635 et
679 2561 907 2635 denariorum
941 2586 1096 2634 summas
1129 2562 1261 2636 eisdem
1294 2563 1438 2662 Majori,
1469 2562 1616 2650 Ballivo,
1650 2579 1687 2635 et

470 2663 729 2738 Communitati
762 2663 890 2737 damus
921 2679 958 2735 et
986 2663 1213 2738 concedimus
1240 2688 1301 2763 per
1331 2677 1511 2762 presentes
1535 2660 1687 2736 habend’

470 2762 535 2838 sibi
565 2764 611 2838 de
640 2765 737 2839 dono
766 2781 889 2837 nostro
915 2763 1046 2863 absque
1075 2781 1242 2862 compoto
1269 2790 1329 2838 seu
1358 2762 1477 2863 aliquo
1506 2764 1576 2836 alio
1604 2762 1688 2836 inde

470 2865 573 2938 nobis
600 2866 655 2938 vel
683 2865 870 2938 heredibus
896 2865 1026 2938 nostris
1052 2865 1222 2938 reddend’
1250 2864 1410 2938 solvend'
1439 2867 1494 2937 vel
1525 2863 1688 2939 faciend.’

473 2967 749 3040 Panuounuus
766 2966 876 3040 eciam
893 2965 1107 3039 remittimus
1127 2983 1162 3040 et
1180 2965 1373 3039 relaxamus
1389 2965 1522 3039 eisdem
1542 2965 1685 3066 Majori,

470 3067 618 3158 Ballivo‚
652 3084 689 3143 et
718 3067 988 3158 Communitati,
1030 3067 1151 3140 omnia
1190 3083 1226 3140 et
1268 3067 1475 3140 omnimoda
1506 3065 1592 3139 salsa
1634 3066 1686 3138 in-

469 3167 680 3242 sufficientia
706 3169 779 3242 sive
812 3169 993 3266 deceptiva
1019 3185 1162 3242 retorna
1190 3192 1498 3266 quorumcumque
1524 3166 1687 3239 brevittm

471 3285 718 3368 preceptorum
765 3284 801 3341 et
853 3271 1101 3343 mandatorum
1153 3284 1366 3356 nostrorum,
1417 3267 1491 3341 sive
1541 3267 1689 3367 alicujus

471 3370 707 3469 progenitoris
755 3369 894 3457 nostri;
945 3395 983 3443 ac
1035 3367 1259 3442 omnimodas
1313 3368 1605 3466 transgressiones
1651 3387 1688 3442 et

471 3469 621 3544 offensas
662 3494 728 3568 pro
779 3495 851 3544 non
893 3471 1044 3544 retornis
1084 3469 1292 3558 eorundem,
1327 3485 1363 3544 et
1401 3467 1690 3543 imbesillaciones

470 3569 691 3658 eorundem;
726 3595 765 3642 ac
799 3570 1021 3644 omnimodas
1054 3570 1249 3645 soluciones
1282 3569 1504 3668 recepciones
1538 3586 1574 3643 et
1608 3596 1688 3669 per-

471 3671 651 3768 cepciones
676 3671 900 3746 denariorum
925 3697 1154 3762 summarum,
1171 3689 1207 3746 et
1232 3670 1454 3745 omnimodas
1479 3671 1688 3744 tradiciones

470 3790 506 3847 et
523 3772 794 3847 deliberaciones
812 3798 1115 3873 quarumcumque
1136 3799 1266 3863 rerum,
1285 3798 1352 3872 pro
1370 3771 1521 3846 retornis
1538 3772 1596 3846 vel
1614 3797 1686 3844 non

471 3873 623 3948 retornis
639 3873 838 3974 aliquorum
866 3872 1026 3950 brevium
1052 3890 1301 3972 preceptorum
1327 3874 1402 3946 sive
1427 3874 1686 3960 mandatorum,

471 4001 533 4049 seu
561 4000 628 4074 pro
663 3973 784 4048 favore
817 4000 1122 4074 quarumcumque
1152 3999 1381 4073 personarum
1424 3974 1543 4072 aliquo
1576 3973 1687 4048 modo

470 4079 721 4167 demonstrata,
757 4077 812 4150 vel
853 4075 1028 4177 aliquibus
1070 4077 1240 4174 personis,
1282 4093 1344 4149 aut
1387 4075 1489 4148 alicui
1529 4099 1686 4172 persone,

471 4177 630 4252 favorem
660 4194 696 4250 et
724 4177 969 4251 eisiamentum
999 4177 1035 4248 in
1063 4177 1223 4251 custodia
1264 4201 1325 4250 sua
1350 4174 1511 4249 existenti
1538 4173 1685 4249 faciend’

471 4279 528 4353 vel
553 4277 788 4353 ostendend':
817 4303 855 4350 ac
889 4277 1113 4352 omnimodas
1136 4277 1298 4366 offensas,
1325 4275 1624 4378 transgressiones,
1650 4291 1686 4350 et
