<?xml version="1.0" encoding="UTF-8"?>
<!DOCTYPE html PUBLIC "-//W3C//DTD XHTML 1.0 Transitional//EN"
    "http://www.w3.org/TR/xhtml1/DTD/xhtml1-transitional.dtd">
<html xmlns="http://www.w3.org/1999/xhtml" xml:lang="en" lang="en">
 <head>
  <title>
</title>
<meta http-equiv="Content-Type" content="text/html;charset=utf-8" />
  <meta name='ocr-system' content='tesseract 3.04.00' />
  <meta name='ocr-capabilities' content='ocr_page ocr_carea ocr_par ocr_line ocrx_word'/>
</head>
<body>
  <div class='ocr_page' id='page_1' title='image "./doverchartersan01statgoog_0327.png"; bbox 0 0 3756 5270; ppageno 0'>
   <div class='ocr_carea' id='block_1_1' title="bbox 454 475 1299 574">
    <p class='ocr_par' dir='ltr' id='par_1_1' title="bbox 454 475 1299 574">
     <span class='ocr_line' id='line_1_1' title="bbox 454 475 1299 574; baseline -0.002 -22"><span class='ocrx_word' id='word_1_1' title='bbox 454 501 522 574; x_wconf 90' lang='lat'>292</span> <span class='ocrx_word' id='word_1_2' title='bbox 812 477 992 552; x_wconf 92' lang='lat' dir='ltr'>DOVER</span> <span class='ocrx_word' id='word_1_3' title='bbox 1019 475 1299 552; x_wconf 87' lang='lat' dir='ltr'>CHARTERS</span> 
     </span>
    </p>
   </div>
   <div class='ocr_carea' id='block_1_2' title="bbox 350 675 1664 4403">
    <p class='ocr_par' dir='ltr' id='par_1_2' title="bbox 350 675 1662 2065">
     <span class='ocr_line' id='line_1_2' title="bbox 450 675 1659 780; baseline -0.002 -28"><span class='ocrx_word' id='word_1_4' title='bbox 450 679 654 780; x_wconf 82' lang='lat' dir='ltr'>genitorum</span> <span class='ocrx_word' id='word_1_5' title='bbox 681 695 883 752; x_wconf 88' lang='lat' dir='ltr'>nostrorum</span> <span class='ocrx_word' id='word_1_6' title='bbox 898 678 991 778; x_wconf 82' lang='lat' dir='ltr'>pacis</span> <span class='ocrx_word' id='word_1_7' title='bbox 1007 704 1069 751; x_wconf 91' lang='lat' dir='ltr'>sue</span> <span class='ocrx_word' id='word_1_8' title='bbox 1094 677 1337 766; x_wconf 87' lang='lat' dir='ltr'>conservand’,</span> <span class='ocrx_word' id='word_1_9' title='bbox 1351 692 1412 750; x_wconf 89' lang='lat' dir='ltr'>aut</span> <span class='ocrx_word' id='word_1_10' title='bbox 1429 675 1659 750; x_wconf 87' lang='lat' dir='ltr'>thesaurarios</span> 
     </span>
     <span class='ocr_line' id='line_1_3' title="bbox 448 777 1659 878; baseline -0.002 -25"><span class='ocrx_word' id='word_1_11' title='bbox 448 796 485 854; x_wconf 92' lang='lat' dir='ltr'>et</span> <span class='ocrx_word' id='word_1_12' title='bbox 512 779 660 854; x_wconf 89' lang='lat' dir='ltr'>barones</span> <span class='ocrx_word' id='word_1_13' title='bbox 685 779 730 853; x_wconf 94' lang='lat' dir='ltr'>de</span> <span class='ocrx_word' id='word_1_14' title='bbox 758 779 931 855; x_wconf 72' lang='lat' dir='ltr'>scaccario</span> <span class='ocrx_word' id='word_1_15' title='bbox 959 795 1093 868; x_wconf 89' lang='lat' dir='ltr'>nostro,</span> <span class='ocrx_word' id='word_1_16' title='bbox 1119 805 1181 852; x_wconf 89' lang='lat' dir='ltr'>seu</span> <span class='ocrx_word' id='word_1_17' title='bbox 1205 777 1354 878; x_wconf 87' lang='lat' dir='ltr'>alicujus</span> <span class='ocrx_word' id='word_1_18' title='bbox 1388 778 1659 877; x_wconf 83' lang='lat' dir='ltr'>progenitorum</span> 
     </span>
     <span class='ocr_line' id='line_1_4' title="bbox 453 877 1660 980; baseline -0.002 -26"><span class='ocrx_word' id='word_1_19' title='bbox 453 897 668 973; x_wconf 90' lang='lat' dir='ltr'>nostrorum,</span> <span class='ocrx_word' id='word_1_20' title='bbox 704 881 777 954; x_wconf 89' lang='lat' dir='ltr'>sive</span> <span class='ocrx_word' id='word_1_21' title='bbox 811 879 898 954; x_wconf 86' lang='lat' dir='ltr'>alios</span> <span class='ocrx_word' id='word_1_22' title='bbox 941 881 1196 955; x_wconf 86' lang='lat' dir='ltr'>commissarios</span> <span class='ocrx_word' id='word_1_23' title='bbox 1239 895 1389 968; x_wconf 87' lang='lat' dir='ltr'>nostros,</span> <span class='ocrx_word' id='word_1_24' title='bbox 1423 879 1479 950; x_wconf 89' lang='lat' dir='ltr'>vel</span> <span class='ocrx_word' id='word_1_25' title='bbox 1513 877 1660 980; x_wconf 88' lang='lat' dir='ltr'>alicujus</span> 
     </span>
     <span class='ocr_line' id='line_1_5' title="bbox 451 979 1659 1082; baseline -0.002 -28"><span class='ocrx_word' id='word_1_26' title='bbox 451 981 721 1082; x_wconf 87' lang='lat' dir='ltr'>progenitorum</span> <span class='ocrx_word' id='word_1_27' title='bbox 759 997 974 1069; x_wconf 88' lang='lat' dir='ltr'>nostrorum,</span> <span class='ocrx_word' id='word_1_28' title='bbox 1007 983 1210 1082; x_wconf 81' lang='lat' dir='ltr'>assignatos,</span> <span class='ocrx_word' id='word_1_29' title='bbox 1245 1007 1305 1054; x_wconf 91' lang='lat' dir='ltr'>seu</span> <span class='ocrx_word' id='word_1_30' title='bbox 1347 1005 1471 1054; x_wconf 88' lang='lat' dir='ltr'>eorum</span> <span class='ocrx_word' id='word_1_31' title='bbox 1506 979 1659 1080; x_wconf 78' lang='lat' dir='ltr'><strong>aliquem</strong></span> 
     </span>
     <span class='ocr_line' id='line_1_6' title="bbox 450 1080 1660 1184; baseline -0.003 -28"><span class='ocrx_word' id='word_1_32' title='bbox 450 1084 632 1183; x_wconf 76' lang='lat' dir='ltr'><strong>tangentia</strong></span> <span class='ocrx_word' id='word_1_33' title='bbox 653 1083 727 1156; x_wconf 92' lang='lat' dir='ltr'>sive</span> <span class='ocrx_word' id='word_1_34' title='bbox 751 1083 982 1158; x_wconf 89' lang='lat' dir='ltr'>concernend&#39;</span> <span class='ocrx_word' id='word_1_35' title='bbox 1001 1109 1063 1181; x_wconf 88' lang='lat' dir='ltr'>per</span> <span class='ocrx_word' id='word_1_36' title='bbox 1084 1084 1179 1180; x_wconf 90' lang='lat' dir='ltr'>ipsos</span> <span class='ocrx_word' id='word_1_37' title='bbox 1204 1081 1394 1184; x_wconf 88' lang='lat' dir='ltr'>Majorem,</span> <span class='ocrx_word' id='word_1_38' title='bbox 1412 1080 1606 1168; x_wconf 87' lang='lat' dir='ltr'>Ballivum,</span> <span class='ocrx_word' id='word_1_39' title='bbox 1623 1097 1660 1153; x_wconf 93' lang='lat' dir='ltr'>et</span> 
     </span>
     <span class='ocr_line' id='line_1_7' title="bbox 450 1180 1660 1283; baseline -0.003 -26"><span class='ocrx_word' id='word_1_40' title='bbox 450 1183 769 1274; x_wconf 89' lang='lat' dir='ltr'>Communitatem,</span> <span class='ocrx_word' id='word_1_41' title='bbox 784 1201 864 1258; x_wconf 89' lang='lat' dir='ltr'>ante</span> <span class='ocrx_word' id='word_1_42' title='bbox 880 1184 1033 1258; x_wconf 93' lang='lat' dir='ltr'>eundem</span> <span class='ocrx_word' id='word_1_43' title='bbox 1044 1183 1138 1258; x_wconf 91' lang='lat' dir='ltr'>diem</span> <span class='ocrx_word' id='word_1_44' title='bbox 1148 1183 1453 1283; x_wconf 81' lang='lat' dir='ltr'>qualitercumque</span> <span class='ocrx_word' id='word_1_45' title='bbox 1463 1180 1571 1256; x_wconf 86' lang='lat' dir='ltr'>factas</span> <span class='ocrx_word' id='word_1_46' title='bbox 1587 1183 1660 1254; x_wconf 91' lang='lat' dir='ltr'>sive</span> 
     </span>
     <span class='ocr_line' id='line_1_8' title="bbox 452 1282 1662 1384; baseline -0.002 -27"><span class='ocrx_word' id='word_1_47' title='bbox 452 1301 694 1384; x_wconf 86' lang='lat' dir='ltr'>perpetratas:</span> <span class='ocrx_word' id='word_1_48' title='bbox 737 1287 794 1359; x_wconf 91' lang='lat' dir='ltr'>Ac</span> <span class='ocrx_word' id='word_1_49' title='bbox 828 1309 952 1360; x_wconf 90' lang='lat' dir='ltr'>omnes</span> <span class='ocrx_word' id='word_1_50' title='bbox 984 1282 1222 1358; x_wconf 86' lang='lat' dir='ltr'>forisfacturas</span> <span class='ocrx_word' id='word_1_51' title='bbox 1255 1283 1594 1382; x_wconf 80' lang='lat' dir='ltr'>condempnaciones</span> <span class='ocrx_word' id='word_1_52' title='bbox 1625 1298 1662 1355; x_wconf 92' lang='lat' dir='ltr'>et</span> 
     </span>
     <span class='ocr_line' id='line_1_9' title="bbox 451 1385 1660 1484; baseline -0.002 -24"><span class='ocrx_word' id='word_1_53' title='bbox 451 1385 678 1460; x_wconf 89' lang='lat' dir='ltr'>denariorum</span> <span class='ocrx_word' id='word_1_54' title='bbox 703 1411 858 1460; x_wconf 89' lang='lat' dir='ltr'>summas</span> <span class='ocrx_word' id='word_1_55' title='bbox 878 1387 980 1461; x_wconf 89' lang='lat' dir='ltr'>nobis</span> <span class='ocrx_word' id='word_1_56' title='bbox 1001 1387 1137 1460; x_wconf 88' lang='lat' dir='ltr'>ratione</span> <span class='ocrx_word' id='word_1_57' title='bbox 1164 1385 1427 1484; x_wconf 79' lang='lat' dir='ltr'>premissorum,</span> <span class='ocrx_word' id='word_1_58' title='bbox 1444 1409 1508 1458; x_wconf 88' lang='lat' dir='ltr'>seu</span> <span class='ocrx_word' id='word_1_59' title='bbox 1534 1409 1660 1459; x_wconf 91' lang='lat' dir='ltr'>eorum</span> 
     </span>
     <span class='ocr_line' id='line_1_10' title="bbox 450 1485 1659 1588; baseline -0.002 -28"><span class='ocrx_word' id='word_1_60' title='bbox 450 1485 606 1588; x_wconf 86' lang='lat' dir='ltr'>alicujus,</span> <span class='ocrx_word' id='word_1_61' title='bbox 641 1486 857 1586; x_wconf 82' lang='lat' dir='ltr'>pertinentes</span> <span class='ocrx_word' id='word_1_62' title='bbox 898 1487 1033 1561; x_wconf 88' lang='lat' dir='ltr'>debitas</span> <span class='ocrx_word' id='word_1_63' title='bbox 1065 1488 1138 1560; x_wconf 90' lang='lat' dir='ltr'>sive</span> <span class='ocrx_word' id='word_1_64' title='bbox 1171 1502 1393 1585; x_wconf 82' lang='lat' dir='ltr'>spectantes:</span> <span class='ocrx_word' id='word_1_65' title='bbox 1437 1485 1487 1560; x_wconf 93' lang='lat' dir='ltr'>Et</span> <span class='ocrx_word' id='word_1_66' title='bbox 1521 1485 1659 1560; x_wconf 86' lang='lat' dir='ltr'>easdem</span> 
     </span>
     <span class='ocr_line' id='line_1_11' title="bbox 451 1586 1662 1689; baseline 0.001 -28"><span class='ocrx_word' id='word_1_67' title='bbox 451 1586 691 1662; x_wconf 85' lang='lat' dir='ltr'>forisfacturas</span> <span class='ocrx_word' id='word_1_68' title='bbox 749 1588 1088 1689; x_wconf 88' lang='lat' dir='ltr'>condempnaciones</span> <span class='ocrx_word' id='word_1_69' title='bbox 1137 1603 1174 1662; x_wconf 91' lang='lat' dir='ltr'>et</span> <span class='ocrx_word' id='word_1_70' title='bbox 1225 1587 1452 1662; x_wconf 88' lang='lat' dir='ltr'>denariorum</span> <span class='ocrx_word' id='word_1_71' title='bbox 1507 1611 1662 1662; x_wconf 82' lang='lat' dir='ltr'>summas</span> 
     </span>
     <span class='ocr_line' id='line_1_12' title="bbox 448 1687 1662 1790; baseline 0 -29"><span class='ocrx_word' id='word_1_72' title='bbox 448 1689 582 1764; x_wconf 83' lang='lat' dir='ltr'>eisdem</span> <span class='ocrx_word' id='word_1_73' title='bbox 618 1689 763 1790; x_wconf 89' lang='lat' dir='ltr'>Majori‚</span> <span class='ocrx_word' id='word_1_74' title='bbox 791 1688 943 1777; x_wconf 88' lang='lat' dir='ltr'>Ballivo,</span> <span class='ocrx_word' id='word_1_75' title='bbox 970 1707 1006 1763; x_wconf 91' lang='lat' dir='ltr'>et</span> <span class='ocrx_word' id='word_1_76' title='bbox 1036 1688 1308 1778; x_wconf 77' lang='lat' dir='ltr'>communitati,</span> <span class='ocrx_word' id='word_1_77' title='bbox 1341 1687 1467 1764; x_wconf 90' lang='lat' dir='ltr'>damus</span> <span class='ocrx_word' id='word_1_78' title='bbox 1500 1705 1536 1761; x_wconf 92' lang='lat' dir='ltr'>et</span> <span class='ocrx_word' id='word_1_79' title='bbox 1575 1714 1662 1762; x_wconf 89' lang='lat' dir='ltr'>con-</span> 
     </span>
     <span class='ocr_line' id='line_1_13' title="bbox 450 1788 1662 1890; baseline 0.001 -28"><span class='ocrx_word' id='word_1_80' title='bbox 450 1790 609 1864; x_wconf 89' lang='lat' dir='ltr'>cedimus</span> <span class='ocrx_word' id='word_1_81' title='bbox 634 1815 696 1887; x_wconf 88' lang='lat' dir='ltr'>per</span> <span class='ocrx_word' id='word_1_82' title='bbox 721 1806 907 1888; x_wconf 86' lang='lat' dir='ltr'>presentes,</span> <span class='ocrx_word' id='word_1_83' title='bbox 942 1789 1092 1865; x_wconf 87' lang='lat' dir='ltr'>habend&#39;</span> <span class='ocrx_word' id='word_1_84' title='bbox 1119 1791 1251 1864; x_wconf 90' lang='lat' dir='ltr'>eisdem</span> <span class='ocrx_word' id='word_1_85' title='bbox 1280 1788 1428 1890; x_wconf 90' lang='lat' dir='ltr'>Majori,</span> <span class='ocrx_word' id='word_1_86' title='bbox 1454 1789 1602 1876; x_wconf 87' lang='lat' dir='ltr'>Ballivo,</span> <span class='ocrx_word' id='word_1_87' title='bbox 1626 1807 1662 1863; x_wconf 92' lang='lat' dir='ltr'>et</span> 
     </span>
     <span class='ocr_line' id='line_1_14' title="bbox 350 1889 1662 2065; baseline -0.002 -99"><span class='ocrx_word' id='word_1_88' title='bbox 350 1889 357 1904; x_wconf 82' lang='grc'><em>“</em></span> <span class='ocrx_word' id='word_1_89' title='bbox 453 1889 725 1980; x_wconf 87' lang='lat' dir='ltr'>Communitati‚</span> <span class='ocrx_word' id='word_1_90' title='bbox 749 1889 794 1962; x_wconf 93' lang='lat' dir='ltr'>de</span> <span class='ocrx_word' id='word_1_91' title='bbox 821 1891 919 1965; x_wconf 89' lang='lat' dir='ltr'>dono</span> <span class='ocrx_word' id='word_1_92' title='bbox 946 1910 1069 1966; x_wconf 89' lang='lat' dir='ltr'>nostro</span> <span class='ocrx_word' id='word_1_93' title='bbox 1095 1891 1226 2065; x_wconf 77' lang='lat' dir='ltr'>absque</span> <span class='ocrx_word' id='word_1_94' title='bbox 1255 1907 1425 1990; x_wconf 91' lang='lat' dir='ltr'>compoto</span> <span class='ocrx_word' id='word_1_95' title='bbox 1453 1917 1514 1964; x_wconf 90' lang='lat' dir='ltr'>seu</span> <span class='ocrx_word' id='word_1_96' title='bbox 1544 1889 1662 1991; x_wconf 88' lang='lat' dir='ltr'>aliquo</span> 
     </span>
    </p>

    <p class='ocr_par' dir='ltr' id='par_1_3' title="bbox 450 1989 1664 4403">
     <span class='ocr_line' id='line_1_15' title="bbox 454 1989 1661 2079; baseline 0 -15"><span class='ocrx_word' id='word_1_97' title='bbox 454 1989 524 2064; x_wconf 88' lang='lat' dir='ltr'>alio</span> <span class='ocrx_word' id='word_1_98' title='bbox 551 1989 653 2063; x_wconf 93' lang='lat' dir='ltr'>nobis</span> <span class='ocrx_word' id='word_1_99' title='bbox 679 1992 849 2066; x_wconf 85' lang='lat' dir='ltr'>reddend’</span> <span class='ocrx_word' id='word_1_100' title='bbox 880 1993 1039 2067; x_wconf 88' lang='lat' dir='ltr'>solvend&#39;</span> <span class='ocrx_word' id='word_1_101' title='bbox 1067 2019 1129 2066; x_wconf 89' lang='lat' dir='ltr'>seu</span> <span class='ocrx_word' id='word_1_102' title='bbox 1178 1992 1324 2067; x_wconf 88' lang='lat' dir='ltr'>aciend’.</span> <span class='ocrx_word' id='word_1_103' title='bbox 1389 1994 1449 2065; x_wconf 92' lang='lat' dir='ltr'>Ac</span> <span class='ocrx_word' id='word_1_104' title='bbox 1481 1993 1661 2079; x_wconf 77' lang='lat' dir='ltr'>lusuran,</span> 
     </span>
     <span class='ocr_line' id='line_1_16' title="bbox 454 2091 1660 2192; baseline 0.001 -28"><span class='ocrx_word' id='word_1_105' title='bbox 454 2091 701 2192; x_wconf 87' lang='lat' dir='ltr'>perdonamus,</span> <span class='ocrx_word' id='word_1_106' title='bbox 744 2092 970 2182; x_wconf 87' lang='lat' dir='ltr'>remittimus,</span> <span class='ocrx_word' id='word_1_107' title='bbox 1012 2109 1047 2166; x_wconf 90' lang='lat' dir='ltr'>et</span> <span class='ocrx_word' id='word_1_108' title='bbox 1089 2093 1294 2185; x_wconf 87' lang='lat' dir='ltr'>relaxamus,</span> <span class='ocrx_word' id='word_1_109' title='bbox 1337 2093 1470 2168; x_wconf 83' lang='lat' dir='ltr'>eisdem</span> <span class='ocrx_word' id='word_1_110' title='bbox 1514 2091 1660 2192; x_wconf 81' lang='lat' dir='ltr'>Majori,</span> 
     </span>
     <span class='ocr_line' id='line_1_17' title="bbox 453 2191 1662 2283; baseline 0.001 -19"><span class='ocrx_word' id='word_1_111' title='bbox 453 2191 600 2283; x_wconf 89' lang='lat' dir='ltr'>Balliv0,</span> <span class='ocrx_word' id='word_1_112' title='bbox 653 2209 689 2266; x_wconf 95' lang='lat' dir='ltr'>et</span> <span class='ocrx_word' id='word_1_113' title='bbox 745 2193 1013 2283; x_wconf 88' lang='lat' dir='ltr'>Communitati,</span> <span class='ocrx_word' id='word_1_114' title='bbox 1059 2195 1283 2268; x_wconf 89' lang='lat' dir='ltr'>omnimodas</span> <span class='ocrx_word' id='word_1_115' title='bbox 1334 2194 1494 2282; x_wconf 87' lang='lat' dir='ltr'>offensas,</span> <span class='ocrx_word' id='word_1_116' title='bbox 1546 2208 1662 2265; x_wconf 84' lang='lat' dir='ltr'>trans·</span> 
     </span>
     <span class='ocr_line' id='line_1_18' title="bbox 452 2292 1662 2394; baseline 0 -28"><span class='ocrx_word' id='word_1_117' title='bbox 452 2293 659 2393; x_wconf 85' lang='lat' dir='ltr'>gressiones,</span> <span class='ocrx_word' id='word_1_118' title='bbox 712 2294 968 2393; x_wconf 86' lang='lat' dir='ltr'>mesprisiones,</span> <span class='ocrx_word' id='word_1_119' title='bbox 1019 2311 1259 2394; x_wconf 90' lang='lat' dir='ltr'>contemptus,</span> <span class='ocrx_word' id='word_1_120' title='bbox 1311 2295 1369 2368; x_wconf 87' lang='lat' dir='ltr'>vel</span> <span class='ocrx_word' id='word_1_121' title='bbox 1428 2292 1662 2392; x_wconf 78' lang='lat' dir='ltr'>negligentias</span> 
     </span>
     <span class='ocr_line' id='line_1_19' title="bbox 451 2393 1663 2493; baseline -0.001 -26"><span class='ocrx_word' id='word_1_122' title='bbox 451 2396 721 2484; x_wconf 88' lang='lat' dir='ltr'>concelamenta,</span> <span class='ocrx_word' id='word_1_123' title='bbox 755 2396 994 2493; x_wconf 63' lang='lat' dir='ltr'>decepciones</span> <span class='ocrx_word' id='word_1_124' title='bbox 1028 2394 1207 2485; x_wconf 78' lang='lat' dir='ltr'>falsitates,</span> <span class='ocrx_word' id='word_1_125' title='bbox 1241 2394 1487 2493; x_wconf 82' lang='lat' dir='ltr'>impetitiones</span> <span class='ocrx_word' id='word_1_126' title='bbox 1519 2410 1555 2466; x_wconf 92' lang='lat' dir='ltr'>et</span> <span class='ocrx_word' id='word_1_127' title='bbox 1596 2393 1663 2467; x_wconf 89' lang='lat' dir='ltr'>alia</span> 
     </span>
     <span class='ocr_line' id='line_1_20' title="bbox 453 2493 1661 2597; baseline -0.002 -29"><span class='ocrx_word' id='word_1_128' title='bbox 453 2493 636 2570; x_wconf 84' lang='lat' dir='ltr'>malefacta</span> <span class='ocrx_word' id='word_1_129' title='bbox 668 2521 893 2596; x_wconf 92' lang='lat' dir='ltr'>quecumque</span> <span class='ocrx_word' id='word_1_130' title='bbox 936 2521 998 2594; x_wconf 91' lang='lat' dir='ltr'>per</span> <span class='ocrx_word' id='word_1_131' title='bbox 1040 2497 1134 2595; x_wconf 89' lang='lat' dir='ltr'>ipsos</span> <span class='ocrx_word' id='word_1_132' title='bbox 1168 2495 1359 2597; x_wconf 90' lang='lat' dir='ltr'>Majorem,</span> <span class='ocrx_word' id='word_1_133' title='bbox 1393 2495 1583 2585; x_wconf 82' lang='lat' dir='ltr'>Ballivum,</span> <span class='ocrx_word' id='word_1_134' title='bbox 1624 2511 1661 2566; x_wconf 92' lang='lat' dir='ltr'>et</span> 
     </span>
     <span class='ocr_line' id='line_1_21' title="bbox 454 2596 1661 2687; baseline -0.002 -16"><span class='ocrx_word' id='word_1_135' title='bbox 454 2597 771 2687; x_wconf 90' lang='lat' dir='ltr'>Communitatem,</span> <span class='ocrx_word' id='word_1_136' title='bbox 814 2614 894 2671; x_wconf 86' lang='lat' dir='ltr'>ante</span> <span class='ocrx_word' id='word_1_137' title='bbox 944 2597 1080 2670; x_wconf 91' lang='lat' dir='ltr'>dictum</span> <span class='ocrx_word' id='word_1_138' title='bbox 1129 2598 1333 2670; x_wconf 87' lang='lat' dir='ltr'>visesimum</span> <span class='ocrx_word' id='word_1_139' title='bbox 1376 2596 1525 2670; x_wconf 87' lang='lat' dir='ltr'>tercium</span> <span class='ocrx_word' id='word_1_140' title='bbox 1566 2596 1661 2670; x_wconf 92' lang='lat' dir='ltr'>diem</span> 
     </span>
     <span class='ocr_line' id='line_1_22' title="bbox 454 2695 1662 2800; baseline -0.002 -28"><span class='ocrx_word' id='word_1_141' title='bbox 454 2698 589 2796; x_wconf 90' lang='lat' dir='ltr'>Aprilis</span> <span class='ocrx_word' id='word_1_142' title='bbox 604 2698 908 2800; x_wconf 83' lang='lat' dir='ltr'>qualitercumque</span> <span class='ocrx_word' id='word_1_143' title='bbox 918 2697 1027 2773; x_wconf 87' lang='lat' dir='ltr'>factas</span> <span class='ocrx_word' id='word_1_144' title='bbox 1042 2699 1115 2772; x_wconf 88' lang='lat' dir='ltr'>sive</span> <span class='ocrx_word' id='word_1_145' title='bbox 1132 2715 1358 2798; x_wconf 88' lang='lat' dir='ltr'>perpetratas,</span> <span class='ocrx_word' id='word_1_146' title='bbox 1371 2715 1494 2772; x_wconf 91' lang='lat' dir='ltr'>contra</span> <span class='ocrx_word' id='word_1_147' title='bbox 1509 2695 1662 2770; x_wconf 87' lang='lat' dir='ltr'>formam</span> 
     </span>
     <span class='ocr_line' id='line_1_23' title="bbox 452 2798 1663 2902; baseline -0.001 -29"><span class='ocrx_word' id='word_1_148' title='bbox 452 2800 615 2873; x_wconf 89' lang='lat' dir='ltr'>omnium</span> <span class='ocrx_word' id='word_1_149' title='bbox 632 2815 667 2874; x_wconf 92' lang='lat' dir='ltr'>et</span> <span class='ocrx_word' id='word_1_150' title='bbox 684 2801 908 2902; x_wconf 82' lang='lat' dir='ltr'>singulorum</span> <span class='ocrx_word' id='word_1_151' title='bbox 927 2816 1142 2875; x_wconf 90' lang='lat' dir='ltr'>statutorum</span> <span class='ocrx_word' id='word_1_152' title='bbox 1160 2800 1204 2873; x_wconf 91' lang='lat' dir='ltr'>de</span> <span class='ocrx_word' id='word_1_153' title='bbox 1221 2798 1459 2873; x_wconf 86' lang='lat' dir='ltr'>laborantibus</span> <span class='ocrx_word' id='word_1_154' title='bbox 1477 2798 1663 2872; x_wconf 89' lang='lat' dir='ltr'>servienti-</span> 
     </span>
     <span class='ocr_line' id='line_1_24' title="bbox 454 2897 1662 3001; baseline 0 -27"><span class='ocrx_word' id='word_1_155' title='bbox 454 2897 519 2974; x_wconf 90' lang='lat' dir='ltr'>bus</span> <span class='ocrx_word' id='word_1_156' title='bbox 547 2918 583 2975; x_wconf 90' lang='lat' dir='ltr'>et</span> <span class='ocrx_word' id='word_1_157' title='bbox 614 2903 837 2992; x_wconf 88' lang='lat' dir='ltr'>vacabundis,</span> <span class='ocrx_word' id='word_1_158' title='bbox 866 2928 905 2975; x_wconf 88' lang='lat' dir='ltr'>ac</span> <span class='ocrx_word' id='word_1_159' title='bbox 931 2901 976 2974; x_wconf 93' lang='lat' dir='ltr'>de</span> <span class='ocrx_word' id='word_1_160' title='bbox 1005 2901 1113 3001; x_wconf 86' lang='lat' dir='ltr'>signis</span> <span class='ocrx_word' id='word_1_161' title='bbox 1142 2918 1178 2975; x_wconf 91' lang='lat' dir='ltr'>et</span> <span class='ocrx_word' id='word_1_162' title='bbox 1208 2900 1362 2975; x_wconf 90' lang='lat' dir='ltr'>liberatis</span> <span class='ocrx_word' id='word_1_163' title='bbox 1396 2924 1595 2998; x_wconf 89' lang='lat' dir='ltr'>pannorum</span> <span class='ocrx_word' id='word_1_164' title='bbox 1625 2915 1662 2974; x_wconf 92' lang='lat' dir='ltr'>et</span> 
     </span>
     <span class='ocr_line' id='line_1_25' title="bbox 454 3001 1660 3102; baseline -0.002 -28"><span class='ocrx_word' id='word_1_165' title='bbox 454 3001 676 3099; x_wconf 77' lang='lat' dir='ltr'>tepidorum,</span> <span class='ocrx_word' id='word_1_166' title='bbox 721 3028 759 3076; x_wconf 89' lang='lat' dir='ltr'>ac</span> <span class='ocrx_word' id='word_1_167' title='bbox 800 3003 845 3077; x_wconf 93' lang='lat' dir='ltr'>de</span> <span class='ocrx_word' id='word_1_168' title='bbox 884 3002 1143 3079; x_wconf 89' lang='lat' dir='ltr'>retencionibus</span> <span class='ocrx_word' id='word_1_169' title='bbox 1184 3003 1314 3076; x_wconf 89' lang='lat' dir='ltr'>illicitis</span> <span class='ocrx_word' id='word_1_170' title='bbox 1354 3001 1660 3102; x_wconf 89' lang='lat' dir='ltr'>quibuscumque:</span> 
     </span>
     <span class='ocr_line' id='line_1_26' title="bbox 454 3103 1661 3202; baseline 0 -28"><span class='ocrx_word' id='word_1_171' title='bbox 454 3103 605 3176; x_wconf 89' lang='lat' dir='ltr'>Necnon</span> <span class='ocrx_word' id='word_1_172' title='bbox 619 3104 662 3176; x_wconf 92' lang='lat' dir='ltr'>de</span> <span class='ocrx_word' id='word_1_173' title='bbox 675 3119 841 3202; x_wconf 90' lang='lat' dir='ltr'>apparatu</span> <span class='ocrx_word' id='word_1_174' title='bbox 854 3120 891 3178; x_wconf 91' lang='lat' dir='ltr'>et</span> <span class='ocrx_word' id='word_1_175' title='bbox 904 3131 969 3178; x_wconf 88' lang='lat' dir='ltr'>usu</span> <span class='ocrx_word' id='word_1_176' title='bbox 979 3103 1133 3177; x_wconf 84' lang='lat' dir='ltr'>vestium</span> <span class='ocrx_word' id='word_1_177' title='bbox 1145 3121 1181 3178; x_wconf 93' lang='lat' dir='ltr'>et</span> <span class='ocrx_word' id='word_1_178' title='bbox 1192 3119 1435 3202; x_wconf 88' lang='lat' dir='ltr'>apparatuum,</span> <span class='ocrx_word' id='word_1_179' title='bbox 1448 3128 1486 3176; x_wconf 89' lang='lat' dir='ltr'>ac</span> <span class='ocrx_word' id='word_1_180' title='bbox 1499 3103 1661 3176; x_wconf 87' lang='lat' dir='ltr'>omnium</span> 
     </span>
     <span class='ocr_line' id='line_1_27' title="bbox 453 3203 1660 3304; baseline 0.002 -30"><span class='ocrx_word' id='word_1_181' title='bbox 453 3219 489 3275; x_wconf 92' lang='lat' dir='ltr'>et</span> <span class='ocrx_word' id='word_1_182' title='bbox 523 3204 746 3301; x_wconf 87' lang='lat' dir='ltr'>singulorum</span> <span class='ocrx_word' id='word_1_183' title='bbox 779 3205 931 3278; x_wconf 88' lang='lat' dir='ltr'>aliorum</span> <span class='ocrx_word' id='word_1_184' title='bbox 964 3220 1190 3295; x_wconf 87' lang='lat' dir='ltr'>statutorum,</span> <span class='ocrx_word' id='word_1_185' title='bbox 1225 3222 1260 3279; x_wconf 90' lang='lat' dir='ltr'>et</span> <span class='ocrx_word' id='word_1_186' title='bbox 1305 3229 1428 3280; x_wconf 89' lang='lat' dir='ltr'>eorum</span> <span class='ocrx_word' id='word_1_187' title='bbox 1462 3203 1660 3304; x_wconf 90' lang='lat' dir='ltr'>cujuslibet,</span> 
     </span>
     <span class='ocr_line' id='line_1_28' title="bbox 456 3304 1664 3401; baseline 0.002 -26"><span class='ocrx_word' id='word_1_188' title='bbox 456 3319 537 3376; x_wconf 88' lang='lat' dir='ltr'>ante</span> <span class='ocrx_word' id='word_1_189' title='bbox 570 3304 768 3401; x_wconf 89' lang='lat' dir='ltr'>predictum</span> <span class='ocrx_word' id='word_1_190' title='bbox 808 3305 1013 3380; x_wconf 89' lang='lat' dir='ltr'>vicesimum</span> <span class='ocrx_word' id='word_1_191' title='bbox 1056 3306 1205 3379; x_wconf 90' lang='lat' dir='ltr'>tercium</span> <span class='ocrx_word' id='word_1_192' title='bbox 1239 3305 1334 3380; x_wconf 92' lang='lat' dir='ltr'>diem</span> <span class='ocrx_word' id='word_1_193' title='bbox 1366 3305 1547 3379; x_wconf 91' lang='lat' dir='ltr'>editorum</span> <span class='ocrx_word' id='word_1_194' title='bbox 1589 3304 1664 3378; x_wconf 88' lang='lat' dir='ltr'>sive</span> 
     </span>
     <span class='ocr_line' id='line_1_29' title="bbox 454 3403 1664 3504; baseline 0.002 -28"><span class='ocrx_word' id='word_1_195' title='bbox 454 3403 697 3503; x_wconf 86' lang='lat' dir='ltr'>provisorum:</span> <span class='ocrx_word' id='word_1_196' title='bbox 743 3430 781 3478; x_wconf 91' lang='lat' dir='ltr'>ac</span> <span class='ocrx_word' id='word_1_197' title='bbox 815 3431 938 3480; x_wconf 92' lang='lat' dir='ltr'>omnes</span> <span class='ocrx_word' id='word_1_198' title='bbox 979 3405 1217 3480; x_wconf 86' lang='lat' dir='ltr'>forisfacturas</span> <span class='ocrx_word' id='word_1_199' title='bbox 1258 3406 1596 3504; x_wconf 87' lang='lat' dir='ltr'>condempnaciones</span> <span class='ocrx_word' id='word_1_200' title='bbox 1627 3421 1664 3478; x_wconf 93' lang='lat' dir='ltr'>et</span> 
     </span>
     <span class='ocr_line' id='line_1_30' title="bbox 454 3503 1661 3605; baseline 0.001 -28"><span class='ocrx_word' id='word_1_201' title='bbox 454 3503 680 3580; x_wconf 90' lang='lat' dir='ltr'>denariorum</span> <span class='ocrx_word' id='word_1_202' title='bbox 698 3531 853 3580; x_wconf 87' lang='lat' dir='ltr'>summas</span> <span class='ocrx_word' id='word_1_203' title='bbox 870 3507 971 3580; x_wconf 90' lang='lat' dir='ltr'>nobis</span> <span class='ocrx_word' id='word_1_204' title='bbox 991 3507 1126 3581; x_wconf 89' lang='lat' dir='ltr'>ratione</span> <span class='ocrx_word' id='word_1_205' title='bbox 1143 3533 1205 3581; x_wconf 89' lang='lat' dir='ltr'>seu</span> <span class='ocrx_word' id='word_1_206' title='bbox 1221 3507 1381 3582; x_wconf 87' lang='lat' dir='ltr'>occasion</span> <span class='ocrx_word' id='word_1_207' title='bbox 1398 3505 1661 3605; x_wconf 89' lang='lat' dir='ltr'>premissorum,</span> 
     </span>
     <span class='ocr_line' id='line_1_31' title="bbox 453 3604 1662 3709; baseline 0.002 -33"><span class='ocrx_word' id='word_1_208' title='bbox 453 3604 528 3680; x_wconf 90' lang='lat' dir='ltr'>sive</span> <span class='ocrx_word' id='word_1_209' title='bbox 550 3628 673 3678; x_wconf 92' lang='lat' dir='ltr'>eorum</span> <span class='ocrx_word' id='word_1_210' title='bbox 699 3606 858 3709; x_wconf 88' lang='lat' dir='ltr'>alicujus,</span> <span class='ocrx_word' id='word_1_211' title='bbox 876 3607 1183 3709; x_wconf 89' lang='lat' dir='ltr'>qualitercumque</span> <span class='ocrx_word' id='word_1_212' title='bbox 1196 3608 1411 3708; x_wconf 86' lang='lat' dir='ltr'>pertinentes</span> <span class='ocrx_word' id='word_1_213' title='bbox 1431 3607 1569 3683; x_wconf 88' lang='lat' dir='ltr'>debitas</span> <span class='ocrx_word' id='word_1_214' title='bbox 1589 3607 1662 3680; x_wconf 86' lang='lat' dir='ltr'>sive</span> 
     </span>
     <span class='ocr_line' id='line_1_32' title="bbox 454 3707 1661 3808; baseline 0 -28"><span class='ocrx_word' id='word_1_215' title='bbox 454 3721 673 3806; x_wconf 78' lang='lat' dir='ltr'>spectantes:</span> <span class='ocrx_word' id='word_1_216' title='bbox 710 3707 760 3781; x_wconf 94' lang='lat' dir='ltr'>Et</span> <span class='ocrx_word' id='word_1_217' title='bbox 799 3710 938 3785; x_wconf 87' lang='lat' dir='ltr'>easdem</span> <span class='ocrx_word' id='word_1_218' title='bbox 980 3708 1218 3784; x_wconf 86' lang='lat' dir='ltr'>forisfacturas</span> <span class='ocrx_word' id='word_1_219' title='bbox 1260 3709 1597 3808; x_wconf 89' lang='lat' dir='ltr'>condempnaciones</span> <span class='ocrx_word' id='word_1_220' title='bbox 1626 3724 1661 3780; x_wconf 92' lang='lat' dir='ltr'>et</span> 
     </span>
     <span class='ocr_line' id='line_1_33' title="bbox 453 3808 1659 3900; baseline -0.001 -18"><span class='ocrx_word' id='word_1_221' title='bbox 453 3808 680 3883; x_wconf 89' lang='lat' dir='ltr'>denariorum</span> <span class='ocrx_word' id='word_1_222' title='bbox 696 3834 850 3884; x_wconf 90' lang='lat' dir='ltr'>summas</span> <span class='ocrx_word' id='word_1_223' title='bbox 872 3812 987 3886; x_wconf 90' lang='lat' dir='ltr'>eidem</span> <span class='ocrx_word' id='word_1_224' title='bbox 1011 3811 1158 3900; x_wconf 84' lang='lat' dir='ltr'>Ma&#39;ori,</span> <span class='ocrx_word' id='word_1_225' title='bbox 1176 3809 1325 3900; x_wconf 89' lang='lat' dir='ltr'>Ballivo,</span> <span class='ocrx_word' id='word_1_226' title='bbox 1342 3827 1378 3885; x_wconf 92' lang='lat' dir='ltr'>et</span> <span class='ocrx_word' id='word_1_227' title='bbox 1391 3809 1659 3898; x_wconf 76' lang='lat' dir='ltr'>communitati,</span> 
     </span>
     <span class='ocr_line' id='line_1_34' title="bbox 452 3837 1661 4009; baseline -0.001 -27"><span class='ocrx_word' id='word_1_228' title='bbox 452 3935 515 4008; x_wconf 90' lang='lat' dir='ltr'>per</span> <span class='ocrx_word' id='word_1_229' title='bbox 541 3927 718 4009; x_wconf 87' lang='lat' dir='ltr'>presentes</span> <span class='ocrx_word' id='word_1_230' title='bbox 742 3911 867 3986; x_wconf 90' lang='lat' dir='ltr'>damus</span> <span class='ocrx_word' id='word_1_231' title='bbox 895 3930 931 3985; x_wconf 93' lang='lat' dir='ltr'>et</span> <span class='ocrx_word' id='word_1_232' title='bbox 957 3837 1193 4000; x_wconf 73' lang='lat' dir='ltr'>concedimus,</span> <span class='ocrx_word' id='word_1_233' title='bbox 1220 3911 1370 3986; x_wconf 87' lang='lat' dir='ltr'>habend’</span> <span class='ocrx_word' id='word_1_234' title='bbox 1395 3911 1460 3984; x_wconf 95' lang='lat' dir='ltr'>sibi</span> <span class='ocrx_word' id='word_1_235' title='bbox 1490 3910 1534 3984; x_wconf 91' lang='lat' dir='ltr'>de</span> <span class='ocrx_word' id='word_1_236' title='bbox 1564 3911 1661 3984; x_wconf 92' lang='lat' dir='ltr'>dono</span> 
     </span>
     <span class='ocr_line' id='line_1_35' title="bbox 453 4011 1659 4111; baseline -0.001 -27"><span class='ocrx_word' id='word_1_237' title='bbox 453 4027 577 4085; x_wconf 89' lang='lat' dir='ltr'>nostro</span> <span class='ocrx_word' id='word_1_238' title='bbox 602 4012 733 4111; x_wconf 87' lang='lat' dir='ltr'>absque</span> <span class='ocrx_word' id='word_1_239' title='bbox 753 4029 921 4111; x_wconf 92' lang='lat' dir='ltr'>compoto</span> <span class='ocrx_word' id='word_1_240' title='bbox 940 4039 1003 4086; x_wconf 89' lang='lat' dir='ltr'>seu</span> <span class='ocrx_word' id='word_1_241' title='bbox 1023 4013 1067 4089; x_wconf 88' lang='lat' dir='ltr'>ali</span> <span class='ocrx_word' id='word_1_242' title='bbox 1095 4040 1143 4087; x_wconf 92' lang='lat' dir='ltr'>uo</span> <span class='ocrx_word' id='word_1_243' title='bbox 1167 4011 1236 4088; x_wconf 88' lang='lat' dir='ltr'>alio</span> <span class='ocrx_word' id='word_1_244' title='bbox 1260 4013 1361 4088; x_wconf 88' lang='lat' dir='ltr'>nobis</span> <span class='ocrx_word' id='word_1_245' title='bbox 1386 4013 1469 4087; x_wconf 92' lang='lat' dir='ltr'>inde</span> <span class='ocrx_word' id='word_1_246' title='bbox 1490 4011 1659 4086; x_wconf 91' lang='lat' dir='ltr'>reddend&#39;</span> 
     </span>
     <span class='ocr_line' id='line_1_36' title="bbox 452 4039 1660 4214; baseline 0.002 -30"><span class='ocrx_word' id='word_1_247' title='bbox 452 4113 611 4187; x_wconf 89' lang='lat' dir='ltr'>solvend’</span> <span class='ocrx_word' id='word_1_248' title='bbox 645 4137 705 4186; x_wconf 88' lang='lat' dir='ltr'>seu</span> <span class='ocrx_word' id='word_1_249' title='bbox 739 4110 900 4189; x_wconf 88' lang='lat' dir='ltr'>faciend&#39;.</span> <span class='ocrx_word' id='word_1_250' title='bbox 970 4113 1030 4188; x_wconf 83' lang='lat' dir='ltr'>Er</span> <span class='ocrx_word' id='word_1_251' title='bbox 1069 4039 1290 4207; x_wconf 65' lang='lat' dir='ltr'>llurnmus</span> <span class='ocrx_word' id='word_1_252' title='bbox 1326 4113 1573 4214; x_wconf 89' lang='lat' dir='ltr'>perdonamus,</span> <span class='ocrx_word' id='word_1_253' title='bbox 1604 4137 1660 4186; x_wconf 88' lang='lat' dir='ltr'>re-</span> 
     </span>
     <span class='ocr_line' id='line_1_37' title="bbox 452 4213 1660 4315; baseline -0.001 -28"><span class='ocrx_word' id='word_1_254' title='bbox 452 4213 638 4305; x_wconf 89' lang='lat' dir='ltr'>mittimus,</span> <span class='ocrx_word' id='word_1_255' title='bbox 674 4231 709 4286; x_wconf 91' lang='lat' dir='ltr'>et</span> <span class='ocrx_word' id='word_1_256' title='bbox 736 4213 929 4288; x_wconf 84' lang='lat' dir='ltr'>relaxamus</span> <span class='ocrx_word' id='word_1_257' title='bbox 962 4214 1094 4289; x_wconf 85' lang='lat' dir='ltr'>eisdem</span> <span class='ocrx_word' id='word_1_258' title='bbox 1127 4213 1273 4315; x_wconf 78' lang='lat' dir='ltr'>Majmi,</span> <span class='ocrx_word' id='word_1_259' title='bbox 1303 4214 1451 4306; x_wconf 87' lang='lat' dir='ltr'>Ballivo,</span> <span class='ocrx_word' id='word_1_260' title='bbox 1480 4229 1515 4287; x_wconf 92' lang='lat' dir='ltr'>et</span> <span class='ocrx_word' id='word_1_261' title='bbox 1550 4213 1660 4287; x_wconf 90' lang='lat' dir='ltr'>Com-</span> 
     </span>
     <span class='ocr_line' id='line_1_38' title="bbox 450 4314 1659 4403; baseline 0 -16"><span class='ocrx_word' id='word_1_262' title='bbox 450 4314 628 4403; x_wconf 86' lang='lat' dir='ltr'>munitati,</span> <span class='ocrx_word' id='word_1_263' title='bbox 663 4315 885 4390; x_wconf 86' lang='lat' dir='ltr'>omnimodas</span> <span class='ocrx_word' id='word_1_264' title='bbox 912 4315 1102 4390; x_wconf 86' lang='lat' dir='ltr'>demandas</span> <span class='ocrx_word' id='word_1_265' title='bbox 1135 4317 1304 4392; x_wconf 90' lang='lat' dir='ltr'>articulos</span> <span class='ocrx_word' id='word_1_266' title='bbox 1334 4315 1468 4390; x_wconf 89' lang='lat' dir='ltr'>itineris</span> <span class='ocrx_word' id='word_1_267' title='bbox 1501 4316 1659 4388; x_wconf 87' lang='lat' dir='ltr'>destruc·</span> 
     </span>
    </p>
   </div>
   <div class='ocr_carea' id='block_1_3' title="bbox 0 0 1882 5270">
    <p class='ocr_par' dir='ltr' id='par_1_4' title="bbox 0 0 1882 5270">
     <span class='ocr_line' id='line_1_39' title="bbox 0 0 1882 5270; baseline 0 0"><span class='ocrx_word' id='word_1_268' title='bbox 0 0 1882 5270; x_wconf 95' lang='lat' dir='ltr'> </span> 
     </span>
    </p>
   </div>
  </div>
 </body>
</html>
