3722 5278
431 484 478 557 24
789 463 967 541 DOVER
992 463 1269 540 CHARTERS

977 763 1099 844 ΧΗ.

795 937 1033 1020 iiiJ‘Augusti,
1057 951 1097 1020 13
1119 939 1269 1008 Edoni.

430 1096 659 1170 Eownaous
696 1093 754 1169 dei
787 1094 904 1195 gracia
940 1097 1018 1169 Rex
1051 1093 1197 1196 Anglie,
1231 1095 1410 1171 Dominus
1451 1095 1639 1186 Hibernis,

431 1198 517 1270 Dux
561 1195 769 1296 Aquitanie,
808 1194 952 1270 Dilecto
1004 1196 1169 1271 servienti
1219 1193 1256 1270 in
1304 1196 1460 1287 Christo,
1505 1196 1640 1271 Abbati

431 1298 477 1371 de
519 1295 982 1372 ffaveresham-salutem.
1051 1297 1110 1372 Ex
1149 1295 1294 1397 querela
1336 1298 1515 1372 Beronum
1558 1323 1641 1371 nos-

432 1415 572 1472 trorum
623 1399 669 1472 de
724 1397 954 1473 ffaveresharn
1009 1397 1205 1499 accepimus
1264 1396 1363 1497 quod
1415 1423 1491 1488 vos,
1537 1399 1642 1499 juxta

431 1499 610 1600 quandam
635 1498 930 1597 composicionem
954 1497 1093 1573 dudum
1119 1499 1213 1573 inter
1234 1523 1300 1572 vos
1324 1515 1360 1573 et
1385 1499 1481 1600 ipsos
1504 1498 1640 1588 initam,

432 1627 562 1700 ponere
611 1600 767 1674 debeatis
816 1625 930 1674 unum
973 1601 1155 1675 hominem
1197 1624 1241 1674 ex
1290 1614 1389 1697 parte
1431 1615 1546 1676 vestra
1595 1601 1641 1676 ad

432 1701 610 1801 prisonam
637 1716 792 1775 nostram
817 1700 950 1776 ibidem
979 1701 1024 1775 ad
1050 1715 1215 1800 sumptus
1240 1717 1377 1776 vestros
1405 1700 1641 1791 custodiend’‚

433 1827 602 1876 unacum
619 1801 775 1931 quodam
799 1801 870 1877 alio
892 1801 1036 1875 homine
1061 1827 1124 1901 per
1237 1801 1326 1878 'ctos
1342 1801 1495 1877 Berones
1512 1803 1641 1876 adhoc

432 1902 623 1978 inveniend
639 1958 649 1993 ,
667 1929 731 1976 vos
747 1903 929 1976 hominem
944 1903 1099 2003 aliquem
1178 1903 1246 1977 hoc
1263 1902 1421 1978 invenire
1437 1902 1528 1977 sicut
1544 1903 1642 2002 prius

431 2003 615 2077 invenistis
656 2003 894 2078 contradicitis
927 2004 1046 2078 minus
1081 2002 1190 2106 juste,
1224 2004 1267 2079 ad
1302 2028 1410 2104 grave
1442 2004 1640 2103 dampnum

431 2105 592 2204 ipsorum
626 2103 805 2178 Beronum
839 2119 876 2178 et
916 2120 1040 2178 contra
1080 2103 1376 2204 composicionem
1418 2105 1639 2203 predictam:

432 2205 513 2280 Nos
545 2205 769 2279 advertentes
825 2204 899 2279 uod
940 2205 1135 2305 periculum
1174 2230 1237 2305 per
1269 2203 1449 2280 defectum
1482 2207 1643 2281 custodie

434 2305 638 2409 hujusmodi
663 2320 781 2404 posset
800 2229 935 2380 iuturis
960 2304 1180 2405 temporibus
1204 2305 1352 2380 iminere
1371 2306 1473 2381 vobis
1497 2307 1643 2382 menda·

433 2432 523 2495 mus,
549 2405 640 2480 sicut
665 2405 797 2504 pluries
825 2407 1081 2499 mandavimus,
1112 2406 1260 2481 firmiter
1285 2407 1510 2509 injungentes
1542 2407 1642 2509 quod

432 2507 614 2582 hominem
657 2507 858 2605 predictum
891 2509 936 2582 ad
970 2509 1164 2606 predictam
1231 2509 1386 2582 risonam
1420 2508 1641 2584 custodiend’

433 2633 477 2682 ex
497 2623 595 2706 parte
612 2624 731 2682 vestra
747 2608 831 2707 poni
858 2605 1003 2699 faciatis,
1021 2608 1111 2683 sicut
1136 2608 1174 2682 id
1199 2533 1312 2682 dcere
1337 2609 1472 2683 debetis
1496 2625 1532 2684 et
1556 2635 1642 2684 con-

434 2707 598 2784 suevistis
621 2708 724 2810 juxta
751 2709 1050 2808 composicionem
1079 2711 1273 2808 predictam
1297 2724 1335 2783 ct
1352 2710 1457 2812 juxta
1481 2725 1642 2785 tenorem

433 2811 677 2910 predictorum
719 2810 966 2884 mandatorum
1008 2827 1213 2887 nostrorum
1247 2809 1349 2885 vobis
1389 2810 1519 2910 pluries
1559 2812 1644 2888 inde

434 2912 663 3000 directorum,
682 2910 737 2984 Ita
752 2911 852 3011 quod
877 2913 1017 3010 culpam
1042 2928 1196 2987 vestram
1220 2911 1259 2986 in
1284 2911 1349 2985 hae
1373 2929 1472 3012 parte
1496 2937 1643 3012 arguere

434 3013 562 3087 merito
592 3037 664 3085 non
689 3010 889 3101 debeamus,
906 3013 964 3086 vel
987 3037 1052 3086 vos
1076 3013 1144 3112 ipsi
1169 3012 1244 3087 sitis
1269 3037 1388 3087 coram
1413 3012 1516 3088 nobis
1540 3039 1561 3086 a
1585 3014 1642 3089 die

433 3113 549 3187 Sancti
578 3112 766 3186 Michaelis
789 3111 1002 3214 ubicumque
1027 3129 1113 3188 tunc
1138 3113 1313 3188 fuerimus
1335 3113 1373 3187 in
1391 3113 1525 3212 Anglia
1541 3115 1577 3187 in
1594 3139 1641 3190 xv

433 3213 509 3289 dies
524 3213 569 3286 ad
585 3214 821 3312 respondend’
834 3213 978 3312 prefatis
995 3215 1190 3289 Batonibus
1206 3239 1315 3314 quare
1331 3239 1443 3290 unum
1460 3215 1642 3289 hominem

432 3314 477 3389 ad
502 3314 681 3413 prisonem
705 3315 901 3414 predictam
927 3315 1145 3390 custodieud’
1171 3340 1302 3414 ponere
1331 3340 1403 3389 non
1419 3315 1589 3406 debeatis,
1606 3332 1644 3391 et

432 3415 535 3490 nobis
551 3439 662 3514 quare
679 3418 844 3491 mandata
859 3433 980 3491 nostra
996 3417 1130 3491 tociens
1145 3415 1251 3492 vobis
1266 3416 1349 3492 inde
1365 3416 1499 3492 directa
1515 3417 1640 3518 exequi

433 3516 708 3615 contempsistis,
725 3534 762 3591 et
778 3516 933 3592 babeatis
949 3517 999 3590 ibi
1015 3518 1083 3592 hoc
1099 3516 1217 3592 breve.

507 3616 616 3691 Teste
642 3642 698 3691 me
722 3617 800 3716 ipso
825 3617 919 3718 apud
945 3619 1174 3695 Wolvemere
1199 3617 1266 3721 iiij⁰
1281 3617 1339 3694 die
1361 3619 1520 3721 Augusti
1548 3643 1643 3694 anno

432 3718 532 3820 regni
559 3719 670 3792 nostri
697 3717 983 3794 terciodecimo.
