3700 5260
430 463 503 554 438
792 457 972 534 DOVER
999 455 1279 532 CHARTERS

429 659 567 734 dictum
577 657 761 734 annualem
772 657 954 732 redditum
970 656 1016 730 de
1032 682 1082 731 vs.
1100 680 1122 729 s
1137 671 1234 730 retro
1246 654 1324 728 fore
1336 654 1431 729 ultre
1446 655 1639 730 terminum

432 759 631 935 predictum
648 784 711 857 per
728 757 815 859 xiiij.
830 759 906 832 dies
922 756 1131 848 insolutum,
1145 756 1182 830 in
1199 771 1300 854 parte
1316 756 1372 829 vel
1389 757 1426 830 in
1443 772 1533 843 toto,
1552 771 1639 828 tunc

447 861 570 934 ‘eitum
597 861 665 934 erit
696 859 830 933 Ma'ori
863 876 899 933 et
928 856 1146 932 custodibus
1179 857 1242 956 qui
1271 873 1356 930 tunc
1385 881 1453 956 pro
1481 873 1640 956 tempore

432 959 566 1034 fuerint
599 961 636 1034 in
678 883 872 1059 predictem
907 957 1041 1057 peciam
1082 974 1176 1032 terre
1208 981 1291 1030 cum
1320 957 1561 1056 pertinenciis,
1595 956 1639 1029 ad

432 1084 742 1162 quorumcumque
755 1085 879 1134 manus
893 1058 1063 1148 evenerit,
1074 1059 1243 1132 reintrare
1259 1073 1296 1130 et
1306 1057 1448 1156 pacifice
1465 1058 1641 1156 possidere

433 1161 500 1236 sibi
516 1179 553 1237 et
571 1161 827 1236 successoribus
843 1159 918 1234 suis
935 1159 1069 1261 Majori
1085 1175 1122 1234 et
1138 1158 1358 1234 Custodibus
1373 1159 1532 1260 ejusdem
1555 1159 1640 1232 ville

433 1264 706 1364 imperpetuum.

510 1364 553 1437 ln
586 1361 687 1464 cujus
719 1363 770 1437 rei
803 1361 1047 1436 testimonium
1080 1377 1153 1434 tam
1186 1359 1341 1460 sigillum
1374 1383 1525 1434 comune
1559 1357 1643 1433 ville

433 1464 602 1564 predicte,
624 1487 731 1564 quem
754 1463 913 1562 sigillum
934 1460 1080 1560 predicti
1099 1459 1231 1535 xroferi
1250 1461 1350 1536 Eliot
1369 1459 1425 1534 his
1442 1460 1641 1535 indenturis

431 1565 631 1641 alternatim
647 1579 731 1638 sunt
747 1588 883 1661 spensa.

508 1667 643 1740 Datum
666 1663 761 1763 apud
778 1665 903 1781 ponor
923 1661 1116 1781 predictam
1134 1661 1181 1763 vj.
1199 1660 1258 1736 die
1280 1661 1409 1778 mensis
1425 1661 1640 1778 §eptembris

432 1790 659 2042 Ξὲεῐὲἓῖ
690 1761 1639 1966 liiiiieiiiiieniiezinepiidiietdefdriiofflc.,tigridi

496 1991 578 2040 nor
635 1995 670 2060 4.

508 2070 551 2142 In
577 1989 691 2142 dorso:
730 2066 812 2138 The
839 2067 925 2139 lesse
951 2062 996 2138 of
1018 2063 1231 2142 Christoffer
1259 2063 1400 2163 Elyott,
1430 2064 1540 2138 modo
1575 2065 1639 2137 Mr

432 2168 563 2242 Tooke
579 2166 751 2268 perquirit
768 2167 813 2241 de
840 2225 849 2240 .
878 2223 886 2240 .
916 2222 924 2239 .
