3738 5304
799 461 978 536 DOVER
1005 461 1285 538 CHARTERS

1018 765 1065 844 C.

823 961 878 1007 xx
897 941 995 1022 Julit
1016 955 1058 1022 32
1080 941 1173 1010 Hem
1195 939 1295 1009 Vlll.

440 1101 611 1175 Pnrsrus
640 1100 827 1176 indentura
846 1117 1003 1188 testatur,
1026 1101 1126 1200 quod
1147 1101 1327 1196 Johannes
1352 1101 1500 1188 Bowles,
1527 1099 1648 1200 Major

439 1203 523 1275 ville
548 1227 587 1275 ac
615 1201 748 1276 Portus
774 1201 950 1292 Dovorre,
966 1201 1146 1296 Johannes
1162 1201 1334 1290 Gondale,
1352 1203 1514 1274 Thomas
1531 1200 1644 1286 Petre‚

438 1304 600 1376 Thomas
629 1303 767 1403 Smyth,
794 1319 830 1376 et
861 1302 1066 1375 Willelmus
1082 1303 1232 1391 Loome,
1250 1303 1426 1376 Custodes
1443 1303 1536 1376 dicte
1553 1299 1647 1390 ville,

441 1403 599 1479 unanimi
627 1429 766 1478 assensu
791 1420 828 1477 et
853 1428 1026 1477 concensu
1053 1404 1168 1477 tocius
1193 1403 1469 1478 Communitatis
1492 1403 1649 1504 ejusdem

440 1506 524 1578 ville
540 1505 764 1580 tradiderunt
781 1521 1027 1578 concesserunt
1047 1520 1084 1577 et
1110 1505 1153 1578 ad
1171 1503 1267 1578 feodi
1284 1505 1422 1578 firmam
1439 1503 1650 1577 dimiserunt

440 1606 593 1702 Johanni
618 1606 722 1680 Elam
748 1606 792 1681 de
819 1606 994 1696 Dovorra,
1020 1607 1158 1702 Jurato,
1208 1605 1357 1680 uandam
1379 1606 1532 1702 placeam
1556 1621 1649 1678 terre

441 1732 523 1780 cum
557 1708 629 1779 suis
670 1707 895 1806 pertinenciis
930 1708 1106 1808 jacentem
1149 1631 1241 1780 inira
1283 1707 1480 1780 libertatem
1520 1705 1650 1778 Portus

443 1809 609 1880 Dovorre
642 1808 679 1879 in
718 1807 1042 1908 Seintemaryward
1073 1807 1247 1907 capitand’
1286 1807 1329 1880 ad
1373 1823 1501 1880 terram
1538 1831 1651 1905 nuper

442 1910 583 1981 Thome
626 1907 774 2006 ffyneux
817 1933 940 1984 versus
981 1910 1174 1983 southwest
1225 1924 1261 1981 et
1304 1909 1477 1998 northest,
1520 1925 1650 1982 terram

444 2009 623 2108 Radulphi
667 2007 813 2106 Bullcyn
857 2035 979 2082 versus
1020 2025 1084 2098 est,
1126 2025 1162 2084 et
1208 2033 1435 2082 communem
1478 2009 1650 2082 venellam

442 2111 630 2184 ducentem
656 2110 700 2182 de
727 2125 831 2208 porta
850 2127 886 2184 et
910 2111 1021 2184 muris
1048 2111 1142 2184 dicte
1168 2109 1252 2184 ville
1279 2111 1443 2186 Dovorre
1473 2135 1585 2210 usque
1605 2111 1650 2183 ad

444 2211 569 2286 Priore
592 2211 690 2284 Lane
715 2235 837 2285 versus
864 2212 994 2284 north:
1027 2209 1200 2286 nnseuu’
1225 2228 1262 2287 et
1284 2212 1426 2286 tenend’
1456 2212 1650 2311 predictam

442 2313 597 2412 placeam
625 2327 717 2384 terre
746 2337 828 2384 cum
850 2312 922 2386 suis
949 2311 1173 2410 pertinenciis
1198 2311 1336 2411 prefato
1352 2313 1505 2410 Johanni
1534 2312 1650 2403 Elam,

443 2411 630 2487 heredibus
659 2428 696 2485 et
729 2413 911 2512 assignatis
936 2413 1018 2503 suis,
1043 2413 1330 2514 imperpetuum:
1372 2413 1532 2488 ffaciend'
1566 2414 1651 2486 inde

442 2513 631 2587 servicium
656 2513 793 2588 domini
834 2514 940 2614 Regis
968 2516 1165 2588 secundum
1203 2515 1495 2588 consuetudinem
1524 2530 1651 2612 portus

444 2613 593 2715 predicti
611 2639 691 2687 cum
709 2615 898 2689 acciderit:
927 2632 963 2690 et
979 2616 1148 2691 reddend'
1166 2615 1248 2690 inde
1267 2617 1447 2689 annuatim
1467 2616 1599 2717 Majori
1616 2632 1652 2689 et

444 2715 650 2790 custodibus
675 2716 833 2816 ejusdem
861 2716 944 2789 ville
970 2716 1032 2833 qui
1060 2741 1126 2816 pro
1153 2733 1312 2813 tempore
1337 2715 1470 2790 fuerint
1495 2717 1531 2789 in
1559 2713 1652 2790 festo

444 2817 652 2891 Natiuitatis
663 2815 760 2891 beate
769 2817 1052 2916 MarieVirgmis
1088 2833 1217 2891 uatuor
1225 2817 1388 2892 denarios
1399 2817 1652 2918 sterlingorum

444 2917 603 2991 annualis
627 2917 807 2993 redditus:
838 2935 873 2992 et
899 2918 1048 3017 predicti
1119 2919 1194 3020 ajor
1218 2934 1254 2993 et
1277 2919 1453 2993 Custodes
1477 2944 1516 2992 ac
1542 2917 1653 2992 Com-

445 3019 597 3092 munitas
630 3018 724 3092 dicte
754 3017 836 3092 ville
865 3035 902 3092 et
930 3045 1054 3092 eorum
1077 3043 1291 3092 successores
1317 3022 1464 3094 eandem
1498 3021 1652 3118 placeam

444 3136 537 3192 terre
555 3143 636 3192 cum
660 3121 733 3192 suis
756 3121 980 3218 pertinenciis
996 3119 1133 3217 prefato
1157 3120 1312 3216 Johanni
1330 3120 1446 3212 Elam,
1466 3119 1654 3196 heredibus

444 3236 480 3293 et
509 3221 690 3335 assignatis
715 3219 799 3310 suis,
833 3221 870 3294 in
905 3219 1019 3295 forma
1045 3221 1202 3321 predicta
1235 3238 1358 3295 contra
1382 3247 1505 3296 omnes
1529 3239 1653 3321 gentes

444 3317 721 3395 warantizabunt
737 3321 1012 3420 imperpetuum.

522 3421 564 3494 In
591 3419 691 3521 cujus
719 3421 770 3496 rei
797 3425 1041 3497 testimonium
1071 3423 1140 3498 hiis
1167 3423 1369 3499 indenturis
1397 3439 1470 3496 tam
1496 3421 1652 3522 sigillum

445 3521 551 3596 officii
580 3520 780 3696 Magoratus
808 3525 973 3598 Dovorre
1000 3525 1155 3622 predicte
1184 3549 1293 3624 quam
1320 3523 1477 3624 sigillum
1504 3523 1652 3624 predicti

444 3623 616 3717 Johannis
667 3623 736 3697 lam
753 3625 952 3699 alternatim
965 3642 1048 3699 sunt
1064 3651 1224 3725 appensa

523 3725 617 3798 Data
649 3727 742 3824 apud
782 3727 984 3800 Dovorram
1019 3727 1224 3825 predictam,
1259 3725 1426 3799 vicesimo
1459 3725 1518 3800 die
1551 3726 1651 3820 Julii,

446 3851 539 3900 anno
552 3825 651 3925 regni
667 3827 773 3926 Regis
791 3827 941 3901 Henrici
960 3828 1076 3900 octavi
1094 3827 1271 3902 tricesimo
1288 3827 1453 3900 secundo.
