3724 5256
424 473 497 565 246
790 471 970 548 DOVER
995 472 1277 548 CHARTERS

902 873 1153 954 LXXIX.

824 1046 862 1112 ix
883 1047 980 1129 Julii,
1005 1063 1041 1113 11
1065 1048 1166 1116 Edw.
1190 1047 1249 1114 tv.

424 1199 652 1276 Enwnnuus
682 1202 740 1276 dei
768 1201 883 1302 gracia
910 1204 986 1275 Rex
1008 1203 1140 1302 Anglie
1165 1220 1201 1278 et
1225 1204 1367 1278 ffrancie
1395 1221 1432 1278 et
1459 1205 1636 1278 Dominus

428 1302 616 1393 Hibernie,
643 1303 808 1377 omnibus
825 1305 868 1377 ad
894 1329 986 1406 quos
1010 1320 1189 1402 presentes
1213 1304 1331 1379 littere
1361 1307 1636 1405 pervenerint-

426 1403 590 1481 Salutem.
643 1405 764 1479 Sciatis
800 1405 898 1504 quod
929 1430 1010 1478 cum
1052 1405 1231 1479 libertates
1259 1423 1294 1480 et
1328 1405 1520 1480 franchcsie
1553 1407 1637 1482 ville

428 1521 546 1579 nostre
563 1506 739 1595 Dovorre,
756 1522 791 1578 et
809 1504 1052 1578 membrorum
1078 1506 1247 1606 ejusdem,
1265 1509 1300 1580 in
1319 1505 1481 1582 manibus
1506 1509 1636 1581 nostris

427 1631 494 1704 pro
519 1606 785 1681 rationabilibus
800 1623 836 1679 et
861 1606 1047 1706 legittimis
1064 1609 1177 1680 causis
1201 1608 1318 1681 seisite
1342 1611 1505 1684 existant.
1557 1609 1636 1681 Nos

427 1733 493 1804 pro
526 1707 619 1796 inde,
656 1733 723 1806 pro
756 1733 837 1781 sana
870 1725 906 1780 et
940 1707 1146 1781 condecenti
1180 1708 1438 1807 gubernacione
1471 1726 1507 1783 et
1541 1708 1634 1782 felici

427 1807 597 1907 regimine
624 1807 705 1881 ville
722 1823 757 1881 et
783 1808 1024 1882 membrorum
1051 1809 1292 1907 predictorum
1315 1827 1350 1883 et
1377 1810 1498 1909 populi
1525 1811 1636 1884 nostri

425 1908 630 1995 eorundem,
667 1934 706 1982 ac
740 1933 806 2006 pro
838 1909 1023 1982 securitate
1060 1927 1256 1984 ceterorum
1290 1911 1334 1985 ad
1368 1911 1489 1985 eadem
1524 1911 1636 1985 indies

426 2009 693 2097 confluencium,
731 2034 866 2083 necnon
908 2010 984 2083 aliis
1026 2011 1238 2085 notabilibus
1272 2013 1317 2085 de
1350 2013 1462 2086 causis
1503 2038 1567 2086 nos
1599 2029 1637 2085 et

426 2109 624 2190 consilium,
651 2125 813 2183 nostrum
855 2110 1049 2209 specialiter
1083 2112 1319 2202 moventibus,
1351 2129 1459 2210 prout
1492 2113 1537 2187 ad
1572 2139 1636 2186 nos

426 2211 554 2284 attinet
578 2210 698 2284 debite
723 2210 922 2307 providere,
941 2211 1108 2300 volentes,
1129 2237 1168 2284 ac
1193 2238 1333 2286 assensu
1358 2229 1395 2288 ct
1419 2214 1637 2288 avisamento

426 2311 583 2411 ejusdem
613 2311 750 2384 consilii
785 2312 908 2401 nostri,
942 2312 1188 2387 constituimus
1220 2313 1389 2388 dilectum
1424 2331 1460 2388 et
1495 2316 1635 2390 fidelem

427 2429 586 2486 nostrum
604 2413 783 2485 Thomam
799 2411 995 2503 chstalle‚
1013 2414 1058 2487 de
1075 2414 1174 2515 cujus
1191 2414 1360 2489 fidelitate
1369 2432 1406 2489 et
1422 2416 1635 2490 discrecione

427 2514 566 2611 plenam
614 2513 777 2587 fiduciam
813 2531 1046 2612 reportamus,
1089 2516 1271 2589 custodem
1319 2515 1401 2589 ville
1444 2533 1563 2589 nostre
1600 2533 1636 2589 et

428 2615 666 2687 membrorum
694 2614 935 2714 predictorum
959 2616 1132 2714 quamdiu
1155 2641 1220 2690 nos
1245 2617 1389 2714 placuit,
1411 2617 1579 2716 [Dentes]
1599 2635 1635 2692 et

428 2717 659 2789 concedentes
687 2716 731 2804 ci,
760 2733 884 2789 tenore
914 2718 1143 2815 presencium,
1172 2717 1311 2816 plenam
1338 2735 1374 2791 et
1404 2718 1633 2791 sufficientem

427 2819 673 2891 auctoritatem
707 2831 743 2888 et
777 2833 988 2915 potestatem
1022 2818 1143 2892 eadem
1174 2819 1295 2893 villam
1326 2834 1362 2891 ct
1396 2819 1564 2910 membra,
1599 2836 1635 2892 et

428 2919 600 3017 populum
618 2933 780 2991 nostrum
801 2918 1008 3006 eorundem,
1026 2944 1066 2992 ac
1083 2919 1168 2992 alios
1193 2919 1237 2992 ad
1254 2921 1376 2993 eadem
1402 2920 1633 3009 confluentes,

427 3020 570 3118 regend’
605 3034 641 3092 ct
674 3016 892 3117 gubernand'
920 3043 959 3092 ac
992 3021 1112 3092 omnia
1143 3019 1208 3093 alia
1249 3036 1285 3092 et
1318 3020 1456 3119 singula
1488 3047 1558 3120 que
1591 3022 1635 3094 ad

428 3119 563 3193 bonum
588 3119 745 3220 regimen
763 3136 798 3193 et
823 3144 940 3192 sanam
961 3120 1255 3218 gubernacionem
1279 3122 1473 3196 eorundem
1500 3121 1582 3196 ville
1599 3138 1635 3194 et

428 3220 671 3294 membrorum
706 3221 893 3318 pertinent,
932 3221 1037 3320 juxta
1078 3222 1173 3320 leges
1214 3238 1250 3295 et
1292 3223 1563 3296 consuetudines
1597 3223 1634 3296 in

427 3321 559 3395 eisdem
601 3320 685 3395 villa
721 3337 757 3392 et
792 3321 957 3393 membris
986 3320 1081 3422 juste
1114 3339 1150 3394 et
1184 3322 1436 3396 rationabiliter
1469 3324 1636 3396 hactenus

427 3422 573 3496 usitatas
601 3420 752 3495 faciend’
782 3423 986 3496 excercend’
1019 3439 1056 3495 et
1079 3425 1287 3522 exequend',
1319 3448 1455 3498 necnon
1485 3424 1635 3497 habend'

427 3523 541 3596 clavas
569 3538 605 3595 et
635 3523 815 3595 ministros
843 3537 949 3619 prout
980 3525 1127 3624 majores
1156 3524 1238 3596 ville
1272 3525 1427 3622 predicte
1457 3525 1634 3615 hactenus,

428 3624 561 3698 virtute
602 3623 798 3722 aliquarum
849 3622 1052 3697 libertatum
1094 3649 1156 3722 per
1199 3649 1262 3697 nos
1312 3642 1348 3700 et
1391 3627 1636 3725 progenitores

428 3741 568 3798 nostros
592 3723 676 3797 inde
701 3747 959 3814 concessorum,
976 3724 1184 3813 habuerunt,
1202 3750 1388 3826 quousque
1413 3752 1481 3823 pro
1505 3726 1636 3826 guber-

429 3827 572 3900 nacione
613 3825 807 3899 eorundem
851 3824 933 3898 ville
974 3842 1010 3899 et
1052 3827 1292 3900 membrorum
1335 3829 1435 3901 aliter
1468 3828 1636 3901 duximus

428 3926 638 4001 ordinand':
676 3927 813 3999 Damus
845 3926 952 3999 etiam
995 3926 1164 4000 ministris
1206 3929 1288 3999 ville
1320 3945 1356 4001 et
1394 3928 1636 4002 membrorum

428 4027 681 4126 predictorum,
712 4052 847 4100 necnon
877 4027 1047 4101 universis
1067 4044 1102 4102 et
1125 4026 1274 4126 singulis
1304 4028 1465 4103 fidelibus
1489 4046 1525 4102 et
1552 4029 1637 4103 sub-

427 4128 513 4202 ditis
543 4129 671 4201 nostris
704 4130 899 4202 eorundem
933 4128 1016 4201 ville
1049 4145 1085 4201 et
1119 4129 1372 4219 membrorum,
1399 4147 1521 4203 tenore
1555 4155 1636 4228 pre-

427 4231 584 4302 sencium
610 4228 759 4302 firmiter
784 4230 821 4301 in
847 4229 1020 4303 mandatis
1041 4230 1139 4329 quod
1165 4230 1280 4304 eidem
1297 4230 1451 4320 Thome,
1468 4249 1636 4331 tanquam

428 4330 564 4404 custodi
590 4330 769 4404 dictorum
795 4329 879 4404 ville
907 4346 942 4402 et
968 4331 1219 4421 membrorum,
1240 4331 1277 4403 in
1307 4332 1472 4405 omnibus
1497 4357 1567 4434 que
1592 4333 1635 4406 ad
