3728 5256
814 467 997 542 DOVER
1023 466 1303 542 CHARTERS

989 663 1124 743 LXI.

811 837 860 919 xij
883 836 1060 917 Octobris,
1082 836 1300 918 3Hen.V1.

455 989 668 1066 Hsunrcus
707 993 763 1067 dei
801 995 914 1093 gratia
953 994 1029 1067 Rex
1059 992 1201 1093 Anglic,
1233 993 1388 1080 ffrancie,
1417 1007 1453 1065 ct
1483 991 1663 1065 Dominus

453 1091 654 1181 Hibernic;
682 1093 867 1168 Universis
892 1111 927 1168 et
953 1094 1102 1196 singulis
1126 1093 1346 1182 Admirallis‚
1371 1109 1556 1166 eteorum
1586 1089 1663 1164 loca

451 1193 663 1283 tenentibus,
696 1195 917 1288 Justiciariis,
951 1195 1196 1284 Custumariis,
1233 1192 1450 1270 custodibus
1491 1207 1661 1292 portuum

453 1293 559 1368 maris
575 1311 611 1368 et
627 1294 779 1370 aliorum
796 1298 955 1370 locorum
976 1297 1247 1384 maritimorum,
1274 1320 1409 1370 necnon
1435 1294 1660 1368 Vicecomiti-

453 1392 528 1484 bus,
548 1395 760 1496 Majoribus,
779 1397 1040 1487 Escaetoribus,
1058 1395 1345 1488 constabulariis,
1360 1395 1515 1487 Ballivis,
1530 1395 1663 1469 Minis-

453 1497 530 1584 tris,
560 1522 599 1570 ac
627 1497 704 1571 aliis
732 1498 895 1572 fidelibus
923 1514 960 1573 et
988 1497 1140 1572 subditis
1168 1498 1251 1588 suis,
1282 1497 1374 1571 infra
1409 1495 1588 1570 libertates
1620 1512 1662 1569 -et

452 1613 562 1683 extra,
579 1614 652 1672 tam
670 1624 732 1698 per
750 1615 878 1674 terram
895 1625 1002 1700 quam
1032 1624 1095 1700 per
1120 1625 1225 1690 mare,
1243 1597 1659 1673 constitutis-Salutem.

529 1697 634 1789 Cum,
664 1701 756 1774 inter
785 1717 915 1775 ceteras
943 1701 1121 1774 libertates
1148 1716 1185 1775 et
1213 1699 1427 1801 quietancias
1465 1698 1662 1774 Batonibus

453 1799 625 1900 Quinque
651 1801 827 1875 Portuum
853 1817 1057 1876 nostrorum
1083 1826 1145 1900 per
1164 1819 1274 1876 cartas
1291 1799 1560 1901 progenitorum
1578 1825 1661 1874 nos-

452 1913 590 1973 trorum
620 1902 799 2000 quondam
831 1903 972 2018 Regum
1001 1903 1133 2001 Anglie
1165 1927 1353 1992 concessas,
1383 1925 1585 1975 concessum
1614 1901 1661 1975 sit

453 1999 596 2090 eisdem,
622 2002 722 2101 quod
750 2001 816 2102 ipsi
839 2003 951 2102 qureti
968 2003 1038 2077 sint
1056 2003 1100 2076 de
1116 2003 1214 2078 omni
1232 2002 1430 2090 theolonco,
1449 2017 1485 2075 et
1501 2002 1546 2075 de
1562 2002 1660 2076 omni

452 2103 719 2192 consuetudine,
741 2104 917 2192 videlicet,
941 2103 985 2176 ab
1011 2105 1108 2177 omni
1134 2104 1291 2204 lastagio,
1318 2103 1470 2202 tallagio,
1491 2103 1659 2202 passagio,

453 2201 605 2300 cayagio,
626 2203 773 2302 rivagio,
791 2230 811 2276 a
828 2204 1008 2303 poumgio,
1026 2221 1062 2277 et
1079 2205 1177 2278 omni
1194 2231 1295 2294 wrec,
1313 2204 1410 2278 etde
1435 2219 1511 2278 tota
1537 2204 1660 2278 vendi·

452 2301 565 2391 cione‚
592 2299 714 2378 achato
741 2305 882 2379 recbato
907 2330 985 2394 suo,
1012 2329 1075 2404 per
1102 2321 1214 2378 totam
1242 2321 1370 2379 terram
1397 2321 1433 2378 ct
1450 2320 1659 2403 potestatem

453 2419 621 2493 nostram,
648 2430 729 2479 curn
757 2430 856 2479 socca
881 2423 917 2478 et
943 2429 1049 2496 sacca,
1077 2422 1113 2479 et
1140 2406 1217 2480 thol
1234 2423 1270 2480 et
1293 2406 1403 2495 them,
1419 2422 1457 2480 et
1472 2406 1571 2505 quod
1587 2407 1659 2480 sint

452 2502 601 2603 wrccl'ry
630 2521 666 2578 ct
697 2505 861 2604 wittefrp‚
893 2522 929 2580 ct
958 2505 1146 2608 lestagefry
1175 2523 1211 2580 et
1239 2505 1457 2606 lovccopfry,
1488 2523 1524 2579 et
1553 2507 1657 2580 etiam

452 2607 549 2704 quod
579 2607 690 2706 quieti
719 2608 791 2682 sint
819 2607 864 2681 de
893 2607 996 2681 shiris
1024 2625 1061 2680 et
1089 2607 1293 2697 hundredis,
1323 2607 1373 2680 ita
1397 2606 1496 2708 quod
1523 2607 1552 2680 si
1578 2608 1659 2708 quis

451 2731 574 2780 versus
601 2707 680 2781 illos
707 2709 870 2808 placitare
896 2709 1075 2784 voluerint
1102 2708 1168 2807 ipsi
1198 2734 1268 2782 non
1292 2708 1527 2807 respondeant
1545 2734 1569 2782 n
1614 2735 1658 2782 ue

452 2808 619 2905 placitent
636 2809 737 2883 aliter
753 2835 862 2910 quam
880 2809 1044 2909 placitare
1061 2809 1220 2884 solebant
1241 2827 1400 2907 ternpore
1426 2735 1655 2884 Dominill.

453 2909 571 3009 Regis,
598 2912 718 3009 proavi
745 2910 883 2984 domini
910 2910 968 3001 E.,
995 2935 1108 3010 nuper
1136 2911 1245 3010 Regis
1260 2911 1403 3009 Anglic,
1422 2910 1658 3010 progenitoris

453 3011 578 3100 nostri,
596 3027 632 3084 et
648 3010 747 3110 quod
764 3011 914 3088 habeant
929 3011 1156 3086 invenciones
1172 3037 1250 3084 suas
1266 3011 1302 3084 in
1323 3011 1411 3085 mari
1428 3027 1463 3084 et
1489 3011 1526 3084 in
1552 3027 1657 3101 terra,

451 3126 488 3183 ct
505 3111 603 3210 quod
620 3111 730 3212 quieti
747 3111 818 3186 sint
835 3113 880 3186 de
897 3111 1063 3186 omnibus
1079 3110 1184 3186 rebus
1205 3112 1277 3184 suis
1293 3128 1329 3185 et
1345 3112 1390 3185 de
1406 3128 1487 3186 toto
1504 3129 1659 3187 mercato

450 3235 518 3285 suo
542 3213 633 3286 sicut
659 3215 769 3287 nostri
795 3213 895 3287 liberi
922 3213 1094 3306 homines,
1116 3229 1152 3288 ct
1177 3214 1276 3312 quod
1302 3238 1375 3286 non
1391 3211 1557 3313 placitent
1575 3214 1656 3288 alibi

452 3311 518 3384 nisi
535 3311 596 3384 ubi
613 3313 801 3387 debuerint
823 3331 860 3388 et
875 3314 1044 3404 solebant,
1068 3312 1199 3387 scilicet
1228 3315 1323 3411 apud
1352 3313 1590 3414 Shepweyam,
1620 3331 1657 3388 et

450 3412 549 3511 quod
579 3413 697 3486 nullus
725 3439 785 3487 eos
814 3414 943 3516 injuste
972 3414 1147 3489 disturbet
1176 3441 1290 3514 neque
1320 3431 1515 3489 mercatum
1531 3441 1656 3490 eorum

451 3539 557 3612 super
583 3513 839 3589 forisfacturam
867 3532 1022 3590 nostram
1049 3515 1171 3589 decem
1198 3514 1378 3606 librarum,
1405 3533 1443 3590 ct
1468 3519 1565 3617 quod
1583 3543 1656 3592 non

450 3630 629 3712 ponantur
658 3615 695 3689 in
724 3615 838 3690 assisis
875 3616 1010 3711 Juratis
1040 3613 1096 3690 uel
1134 3615 1438 3718 recognicionibus
1479 3617 1656 3718 aliquibus

450 3717 585 3789 ratione
613 3714 785 3792 forinsece
814 3733 938 3791 tenure
967 3743 1028 3791 sue
1066 3733 1189 3793 contra
1224 3718 1446 3792 voluntatem
1479 3743 1588 3808 suam,
1620 3736 1656 3792 et

448 3818 547 3917 quod
576 3841 700 3892 omncs
728 3817 779 3892 illi
809 3818 853 3891 dc
908 3819 1040 3919 uinque
1070 3817 1256 3917 portubus,
1285 3835 1322 3894 et
1351 3817 1410 3892 alii
1439 3820 1655 3921 quicumque

448 3918 660 3994 advocantes
700 3945 736 3992 se
779 3920 823 3993 de
864 3845 1025 3994 lilertate
1066 3920 1272 4009 eorundem,
1310 3937 1347 3994 ct
1383 3920 1466 3994 inde
1502 3924 1656 4022 gaudere

447 4018 617 4112 volentes,
670 4019 898 4094 contribuant
949 4021 992 4095 ad
1045 4019 1227 4121 navigium
1274 4035 1311 4094 et
1350 4020 1496 4098 servicia
1538 4039 1656 4098 nostra

448 4122 708 4195 manutenenda
748 4137 784 4195 ct
825 4119 983 4195 facienda
1021 4122 1066 4195 dc
1103 4120 1270 4195 omnibus
1307 4120 1410 4196 bonis
1451 4139 1487 4196 et
1524 4123 1655 4197 catallis

447 4222 519 4296 suis
559 4237 633 4296 tam
674 4237 773 4295 extra
813 4221 1011 4297 libertatem
1054 4239 1225 4322 portuum
1268 4223 1509 4322 predictorum
1546 4249 1654 4324 quarn

445 4321 539 4397 infra
562 4321 806 4414 existentibus,
835 4339 872 4397 ct
900 4325 945 4398 ad
974 4323 1042 4398 hoc
1072 4323 1231 4423 Majores
1258 4339 1295 4396 ct
1323 4325 1467 4419 Juratos
1482 4340 1653 4424 portuum

445 4423 696 4524 predictorum,
734 4441 771 4498 et
807 4423 913 4498 etiam
951 4449 1014 4524 per
1044 4424 1352 4500 Constabularium
1391 4425 1504 4502 Castri
1543 4429 1654 4502 nostri
