3722 5278
793 453 974 527 DOVER
1001 453 1279 528 CHARTERS

909 715 910 720 Ν
979 681 1093 762 XX.

777 843 856 926 xxij
877 843 1019 924 Aprilis,
1044 857 1083 910 12
1105 843 1206 912 Ean.
1231 843 1297 912 111.

438 997 704 1098 [E]ownrous
733 1000 789 1074 dei
823 1000 939 1102 gracia
973 1001 1051 1073 Rex
1080 1001 1221 1101 Anglie,
1255 1003 1435 1075 Dominus
1466 1000 1644 1075 Hibernie

435 1117 470 1173 et
514 1097 602 1173 Dux
637 1099 843 1200 Aquitanie,
877 1101 1175 1202 Archiepiscopis,
1202 1103 1400 1202 Episcopis,
1431 1103 1642 1194 Abbatibus,

436 1200 631 1294 Prioribus,
650 1201 865 1292 Comitibus,
892 1202 1099 1293 Batonibus,
1115 1204 1337 1298 Justiciariis,
1356 1203 1644 1294 vicecomitibus,

437 1301 642 1401 Prepositis,
662 1303 853 1397 Ministris,
879 1322 916 1377 et
941 1304 1104 1377 omnibus
1122 1305 1264 1378 Ballivis
1280 1323 1317 1378 et
1342 1304 1505 1381 fidelibus
1520 1305 1643 1378 suis-

436 1401 602 1478 Salutem.
655 1403 877 1504 inspeximus
902 1423 1032 1479 cartam
1059 1404 1203 1479 celebris
1229 1407 1398 1480 memorie
1423 1405 1561 1480 domini
1587 1403 1641 1479 H.

435 1505 617 1604 quondam
647 1507 740 1606 regis
765 1507 897 1606 Anglie
923 1507 1043 1606 proavi
1073 1507 1184 1580 nostri
1211 1507 1247 1578 in
1274 1508 1337 1580 hec
1364 1507 1480 1580 verba.

512 1606 675 1681 Henricus
700 1609 754 1680 dci
773 1611 895 1704 gracia
921 1609 997 1681 Rex
1019 1610 1147 1707 Anglic,
1177 1607 1341 1682 Dominus
1368 1607 1537 1698 Hibernie,
1557 1607 1642 1681 Dux

437 1704 643 1782 Narmannr'e
673 1725 705 1780 et
732 1710 926 1807 Aquitanis,
963 1710 1075 1781 Carnes
1115 1710 1334 1806 Andcgavie,·
1374 1709 1641 1804 Arcbiepiscopis,

437 1807 622 1905 Episcopis,
648 1809 843 1900 Abbatibus,
870 1810 1053 1898 Prioribus,
1083 1809 1273 1899 Comitibus,
1302 1811 1499 1901 Batonibus,
1526 1809 1642 1902 Justr'-

436 1911 556 1996 ciariis,
565 1910 764 2005 forestariis,
782 1911 1032 2000 vicecomitibus,
1054 1911 1242 2010 Prepesitis,
1268 1914 1430 1984 ministris
1447 1931 1479 1983 et
1494 1911 1641 1985 omnibus

435 2008 584 2083 Ballivis
600 2009 794 2100 erfidelibus
819 2011 1095 2084 suis-Salutem.
1148 2012 1266 2085 Sciatis
1290 2037 1359 2102 nas,
1386 2016 1508 2086 intuitu
1534 2013 1587 2085 dei
1611 2029 1644 2084 et

429 2129 495 2202 pro
523 2111 626 2184 salute
653 2113 760 2185 anime
787 2129 895 2184 nostre
921 2129 953 2184 et
976 2115 1163 2185 animarum
1191 2129 1423 2186 antecessorum
1441 2114 1640 2187 etheredum

435 2227 631 2301 nostrorum,
650 2214 832 2285 concessisse
849 2230 890 2300 et,
907 2214 968 2286 bac
986 2231 1078 2286 carta
1095 2230 1222 2301 nostra,
1240 2213 1455 2304 confirmasse,
1467 2234 1533 2308 pro
1550 2215 1641 2287 nobis

434 2328 466 2382 et
480 2311 656 2386 heredibus
681 2315 810 2400 nastris,
841 2317 999 2411 magistro
1025 2314 1202 2409 hospitalis
1229 2314 1340 2388 domus
1361 2314 1415 2387 dei
1438 2316 1477 2388 de
1506 2313 1641 2392 Dovera

435 2428 468 2483 et
473 2413 644 2508 fratribus
662 2412 803 2510 ejusdem
821 2415 1003 2508 hospitalis,
1022 2415 1109 2513 quad
1118 2417 1186 2510 ipsi
1198 2431 1230 2486 et
1239 2417 1380 2488 homines
1393 2421 1447 2488 sui
1465 2433 1497 2488 et
1512 2435 1594 2489 terre
1612 2434 1644 2488 et

435 2529 610 2586 tenemento
635 2539 693 2587 sua
719 2517 819 2613 quieti
843 2518 912 2587 sint
935 2518 1170 2611 imperpetuum
1195 2518 1235 2587 de
1260 2523 1356 2590 sectis
1373 2517 1538 2590 shirarum
1556 2519 1642 2589 bun-

435 2613 605 2688 drcdorum
623 2616 773 2688 lestcrum
791 2633 823 2688 et
836 2617 1061 2714 hgedeiarurn,
1088 2635 1119 2688 et
1139 2621 1180 2688 de
1208 2617 1342 2690 auxiliis
1367 2621 1585 2691 vicecomitum
1612 2635 1644 2690 et

437 2715 638 2789 ballivorum
664 2739 807 2806 suorum,
834 2734 866 2790 et
888 2720 966 2790 visu
982 2719 1185 2814 francorum
1201 2719 1393 2815 plegiorunt,
1414 2735 1447 2790 et
1456 2719 1595 2816 guardis
1612 2735 1644 2790 et

436 2817 679 2911 operacionibus
712 2834 746 2890 et
769 2819 931 2892 clausuris
957 2835 1133 2892 carnorum
1158 2837 1338 2914 parcorum
1367 2837 1400 2891 et
1420 2823 1584 2914 poncium,
1612 2836 1645 2890 et

432 2921 592 3014 passagia
615 2921 769 3016 pantagio
797 2919 947 3015 stallagio
974 2919 1107 3016 tallagio
1134 2917 1300 3018 [Gestagio
1321 2924 1445 3016 peagio
1474 2939 1507 2992 et
1521 2945 1643 2993 wrecco

436 3022 544 3092 maris.
602 3017 715 3114 Quare
752 3021 897 3094 volumus
934 3037 966 3093 et
988 3021 1137 3110 firmiter
1160 3023 1362 3114 precipimus
1392 3021 1479 3118 quod
1500 3022 1644 3118 predicti

437 3125 594 3216 magister
616 3139 647 3192 et
661 3121 797 3217 fratres
822 3139 854 3194 et
877 3145 983 3194 comm
1009 3146 1202 3194 successores
1228 3133 1261 3194 cl
1281 3123 1426 3194 homines
1443 3124 1496 3193 sui
1511 3138 1544 3194 et
1558 3141 1643 3193 terre

436 3236 468 3290 et
491 3235 665 3294 tenementa
691 3247 751 3294 sua
777 3225 875 3320 quieti
899 3225 1125 3317 inperpetuum
1151 3221 1190 3293 de
1211 3223 1357 3294 omnibus
1375 3221 1539 3314 predictis
1559 3240 1643 3317 pre-

436 3319 535 3392 dictis
551 3319 645 3419 [sic],
664 3325 750 3396 sicut
760 3323 943 3417 predictum
959 3338 1018 3393 est.

514 3421 590 3493 Hiis
615 3422 761 3509 testibus,
792 3421 835 3513 J.
861 3423 1001 3510 Batban,
1020 3423 1067 3492 R.
1088 3421 1270 3510 Dunlralm,
1288 3439 1320 3494 et
1338 3423 1394 3495 W.
1416 3423 1516 3509 Karl,
1535 3423 1643 3518 Epis-

437 3523 549 3617 capis,·
569 3521 617 3595 H.
629 3521 668 3595 de
679 3522 801 3620 Berge,
817 3524 937 3593 Comite
949 3522 1092 3609 Kancie,
1107 3523 1304 3615 Justiciario
1315 3524 1463 3620 Anglie,·
1482 3524 1642 3617 Stephano

436 3623 476 3696 de
489 3622 661 3718 Segrave,·
685 3623 821 3718 Hagonc
833 3621 1084 3717 Dispensari03
1104 3621 1267 3695 Nicbolao
1279 3623 1319 3696 de
1331 3625 1422 3696 molis
1433 3655 1445 3711 ;
1463 3625 1641 3721 Radulpbc

437 3723 476 3794 de
493 3723 648 3819 Ralege;
678 3739 711 3794 ct
724 3722 811 3795 aliis.
866 3722 993 3797 Datum
1006 3742 1072 3820 per
1089 3748 1219 3798 manum
1237 3724 1446 3798 Venerabilis
1463 3726 1575 3797 Patris
1592 3725 1639 3797 R.

440 3824 561 3896 Cicestr
610 3823 768 3918 Episcopi
808 3823 1009 3898 Cancellart'i
1054 3825 1161 3899 nostri
1204 3824 1299 3921 apud
1341 3825 1475 3899 Westrrr.
1507 3829 1641 3922 septima

435 3922 555 3995 decimo
581 3923 633 3997 die
649 3922 833 4017 ffebruarii
855 3949 940 3998 anno
965 3928 1062 4021 regni
1086 3927 1186 3998 nostri
1213 3930 1311 3998 tercio
1341 3925 1472 4000 decima.

512 4024 593 4097 Nos
622 4043 741 4098 autem
775 4025 1036 4099 concessionem
1066 4041 1102 4098 et
1130 4027 1438 4100 confirmacionem
1469 4027 1643 4126 predictas

435 4141 526 4200 ratas
542 4123 710 4200 habentes
734 4141 770 4200 et
795 4143 912 4226 gratas
937 4151 993 4200 eas
1019 4152 1085 4225 pro
1113 4127 1214 4201 nobis
1238 4145 1274 4201 et
1299 4128 1487 4202 heredibus
1514 4128 1642 4200 nostris

434 4243 611 4327 quantum
628 4227 664 4300 in
685 4226 785 4301 nobis
802 4243 855 4300 est
872 4227 1009 4301 dilectis
1027 4229 1129 4302 nobis
1147 4230 1183 4301 in
1201 4228 1346 4302 Christo
1359 4255 1454 4301 nunc
1471 4231 1642 4328 magistro

434 4346 470 4401 et
487 4327 657 4402 fratribus
673 4330 741 4402 loci
760 4330 908 4428 predicti
925 4347 961 4402 et
986 4354 1111 4402 eorum
1130 4329 1391 4403 successoribus
1417 4329 1642 4403 concedimus
