3738 5304
447 466 518 559 306
807 464 988 538 novun
1014 463 1293 539 cunm-sus

445 663 629 752 sidiorum,
647 687 685 735 at
710 661 823 735 dimas
843 678 879 733 et
894 661 1047 734 decimas
1063 687 1126 761 per
1142 660 1237 759 ipsos
1255 661 1446 761 Majorem,
1464 662 1656 751 Ballivum,

444 781 479 837 et
524 763 827 837 Communitatem
857 761 970 851 nobis,
1000 777 1062 836 aut
1097 761 1258 860 predicto
1292 763 1532 860 precarissimo
1565 765 1655 863 patri

450 881 582 952 nostro,
617 879 677 938 aut
715 863 818 937 alicui
858 863 927 936 alio
960 863 1231 963 progenitorum
1265 864 1339 936 sive
1371 864 1657 963 predecessorum

447 983 661 1054 nostrorum,
679 981 760 1037 ante
786 964 985 1064 predictum
1013 963 1118 1052 diem,
1148 963 1267 1038 debita
1288 965 1363 1037 sive
1389 990 1572 1038 concessa:
1599 968 1657 1038 At

446 1066 683 1154 collectiones,
706 1066 938 1163 receptiones,
955 1081 991 1138 et
1017 1064 1242 1139 detentiones
1258 1066 1454 1139 eorundem
1481 1083 1517 1139 et
1538 1067 1657 1168 cujus·

445 1167 531 1242 libet
548 1169 630 1259 inde
647 1166 804 1265 parcelle,
822 1191 861 1238 ac
878 1191 1022 1240 omnem
1039 1183 1247 1264 compotum
1264 1184 1300 1240 et
1317 1167 1542 1241 ratiocinium
1556 1167 1657 1240 nobis

446 1295 512 1368 pro
534 1269 666 1342 eisdem
684 1293 744 1340 seu
765 1293 888 1342 eorum
911 1266 1031 1366 aliquo
1051 1267 1354 1367 qualitercumque
1380 1268 1561 1356 reddend’,
1586 1267 1654 1341 sol-

446 1371 564 1459 vend’,
587 1369 645 1443 vel
675 1367 849 1442 facitnd’:
892 1368 1159 1442 Panoouanus
1194 1369 1338 1467 insuper
1371 1369 1586 1443 remittimus
1619 1387 1657 1442 et

446 1474 643 1545 relaxamus
658 1470 790 1544 eisdem
809 1469 954 1570 Majori,
971 1461 1120 1558 Ballivo,
1136 1484 1173 1542 et
1199 1471 1457 1544 communitati
1475 1495 1598 1544 omnes
1619 1488 1655 1544 et

445 1572 672 1646 omnimodos
704 1571 880 1670 ingressus
912 1587 949 1644 et
985 1571 1197 1644 intrationes
1226 1571 1263 1643 in
1292 1586 1414 1656 terras,
1441 1587 1654 1661 tenemento,

447 1674 732 1762 hereditamenta,
769 1671 1022 1772 cujuscumque
1057 1670 1168 1744 idiote
1194 1687 1254 1745 aut
1278 1670 1368 1745 fatui
1404 1671 1584 1760 naturalis,
1616 1699 1656 1746 ac

445 1797 755 1872 quorumcumque
797 1773 994 1846 ideotarum
1029 1771 1104 1844 sive
1139 1770 1320 1846 fatuorum
1356 1772 1581 1862 naturalium,
1618 1789 1655 1846 et

444 1899 568 1947 eorum
583 1871 779 1973 cujuslibet,
793 1899 831 1945 at
844 1873 1097 1973 cujuscumque
1109 1897 1258 1971 persone
1278 1898 1349 1972 que
1361 1891 1442 1947 ante
1455 1875 1655 1971 predictum

444 1975 650 2048 vicesimum
678 1975 826 2046 tertium
853 1973 948 2047 diem
976 1973 1112 2072 Aprilis
1138 1973 1208 2048 fuit
1231 1972 1413 2064 lunaticus,
1442 1976 1496 2048 vel
1515 1973 1655 2048 lucidus

444 2101 505 2172 per
547 2073 757 2162 intervalla;
801 2074 852 2148 Et
885 2075 1117 2172 receptiones,
1149 2074 1384 2163 revenciones,
1422 2092 1459 2148 et
1497 2076 1655 2173 prolicua

442 2176 636 2250 eorundem
654 2192 839 2265 terrarum,
857 2191 1151 2264 tenementorum,
1169 2193 1206 2249 et
1229 2175 1600 2266 hereditamentorum,
1616 2193 1654 2250 tt

443 2274 628 2376 cujuslibet
656 2277 738 2350 inde
765 2275 921 2374 parcelle,
949 2300 1011 2375 per
1037 2277 1179 2350 eosdem
1202 2276 1393 2377 Majorem,
1412 2277 1599 2365 Ballivum,
1618 2295 1656 2350 et

444 2377 761 2463 Communitatem,
778 2401 839 2450 seu
857 2402 919 2474 per
936 2376 1088 2477 aliquem
1109 2377 1217 2450 aliurn
1229 2401 1353 2451 eorum
1368 2377 1583 2467 nominibus,
1595 2379 1652 2452 vel

444 2478 487 2551 ad
518 2503 641 2551 eorum
671 2503 787 2564 usum,
817 2493 898 2550 ante
926 2477 1078 2552 eundem
1109 2477 1203 2551 diem
1240 2495 1402 2576 percepta
1435 2478 1508 2551 sive
1535 2479 1654 2553 habita

442 2580 569 2652 damus
585 2595 621 2651 et
637 2578 865 2652 concedimus
879 2577 1011 2652 eisdem
1028 2577 1217 2677 Majorem,
1231 2579 1378 2670 Ballivo,
1393 2596 1429 2652 et
1442 2580 1653 2653 Communi-

443 2681 507 2752 tati
535 2678 686 2752 habend’
704 2679 769 2753 sibi
795 2704 839 2752 ex
863 2680 962 2753 dono
985 2693 1107 2752 nostro
1124 2678 1254 2778 absque
1270 2696 1439 2779 compoto
1455 2706 1517 2753 seu
1533 2680 1652 2781 aliquo

442 2781 511 2854 alio
529 2781 610 2854 inde
629 2779 730 2853 nobis
758 2796 819 2853 aut
845 2778 1033 2854 heredibus
1059 2780 1188 2854 nostris
1213 2781 1360 2869 solven',
1386 2781 1569 2870 reddend',
1596 2782 1652 2854 vel

442 2881 605 2956 fatiend'.
638 2881 907 2955 ErUursmus
919 2882 1166 2979 perdonamus,
1177 2882 1402 2971 remittimus,
1414 2899 1449 2956 et
1460 2881 1652 2956 reluumus

442 3009 505 3081 per
523 3000 700 3082 presentes
716 2983 847 3058 eisdem
867 2981 1012 3082 Majori,
1034 2981 1181 3071 Ballivo,
1198 2999 1234 3054 et
1249 2983 1510 3058 Communitati
1527 3009 1652 3057 omnes

442 3101 478 3157 et
496 3085 718 3157 omnimodas
734 3083 946 3181 emptiones,
960 3080 1195 3171 vendiciones,
1208 3085 1440 3181 receptiones,
1454 3101 1490 3157 et
1502 3109 1651 3182 occupa-

443 3186 560 3258 tiones
576 3184 810 3271 alluvionum,
839 3181 931 3257 infra
958 3184 1025 3256 hoc
1054 3207 1205 3282 regnum
1236 3200 1396 3258 nostrum
1425 3186 1567 3285 Anglie,
1595 3186 1651 3258 vel

441 3284 535 3373 alibi,
554 3302 675 3359 contra
691 3284 842 3358 formam
860 3285 1112 3385 cujuscumque
1125 3284 1359 3359 ordinacionis
1370 3286 1444 3358 sive
1457 3287 1651 3385 proclama·

442 3385 552 3458 tionis
579 3385 660 3458 inde
686 3403 766 3459 ante
793 3385 991 3485 predictum
1013 3385 1219 3460 vicesimum
1237 3387 1384 3460 tercium
1401 3386 1496 3460 diem
1515 3385 1651 3479 Aprilis

443 3483 533 3559 facte
559 3511 620 3558 seu
647 3487 766 3574 edite3
792 3511 830 3559 at
858 3484 1095 3560 forisfacturas
1120 3502 1157 3559 et
1184 3503 1408 3584 contemptus
1433 3487 1469 3560 in
1495 3513 1535 3559 ea
1552 3504 1649 3586 parte

442 3610 506 3685 per
523 3586 617 3682 ipsos
635 3586 824 3686 Majorem,
853 3587 1040 3675 Ballivum,
1067 3603 1104 3660 et
1130 3586 1434 3660 Communitatem
1452 3586 1559 3662 factas
1576 3588 1649 3661 sive

442 3703 667 3787 perpetratas.
719 3687 903 3761 Acutrnu
917 3688 1164 3786 perdonamus,
1173 3689 1400 3777 remittimus,
1411 3704 1447 3762 et
1457 3687 1650 3762 relaxamus

441 3789 574 3862 eisdem
592 3788 738 3888 Majori,
755 3787 903 3876 Ballivo,
921 3805 957 3861 et
974 3787 1231 3862 Communitati
1252 3790 1474 3863 omnimodas
1490 3788 1650 3862 forisfac-

443 3907 552 3980 turas,
580 3889 849 3979 tontelamenta,
876 3890 1113 3988 deceptiones,
1137 3915 1270 3978 usuras,
1297 3905 1500 3963 contractus
1526 3915 1649 3964 usura-

443 4018 535 4080 rum,
563 4007 744 4088 torruptas
769 4007 805 4063 et
832 3989 969 4064 illicitas
991 3989 1182 4090 barganias,
1208 4007 1245 4062 et
1267 3992 1530 4080 conventiones,
1547 4017 1648 4089 emp-

442 4094 570 4182 tiones,
604 4107 639 4165 et
674 4091 908 4179 venditiones,
942 4117 981 4164 ac
1013 4091 1300 4190 attemptationes
1333 4108 1370 4164 et
1411 4089 1649 4166 forisfacturas

443 4218 692 4293 quascumque,
710 4217 771 4292 per
791 4193 885 4290 ipsos
913 4191 1102 4292 Majorem,
1139 4191 1325 4282 Ballivum,
1360 4208 1398 4266 et
1433 4193 1649 4267 Communi-

442 4310 551 4368 tatem
568 4309 649 4368 ante
666 4293 863 4394 predictum
892 4292 999 4383 diem,
1027 4309 1149 4367 contra
1174 4291 1328 4368 formam
1349 4293 1498 4396 alicujus
1514 4293 1649 4382 statuti,
