3756 5270
443 467 516 542 260
802 467 983 544 DOVER
1010 467 1290 543 CHARTERS

906 666 1190 746 LXXXII.
1299 673 1306 682 '

777 835 789 900 i
811 835 1041 916 Septembris,
1064 849 1104 916 13
1125 834 1223 902 Edu.
1249 835 1307 901 tv.

447 984 536 1056 Huc
564 981 753 1056 indenturs
768 999 918 1057 testatur
940 983 1040 1084 quod
1056 982 1216 1056 Thomas
1240 984 1359 1072 Toke,
1377 982 1499 1083 Major
1517 981 1600 1055 ville
1617 1005 1655 1053 ac

445 1083 577 1158 Portus
619 1086 796 1174 Dovorre‚
849 1084 1031 1158 Henricus
1081 1083 1240 1184 Elphyn,
1282 1083 1440 1157 Thomas
1492 1084 1655 1182 Martyn,

447 1183 650 1258 Willelmus
666 1185 787 1278 Jacob,
804 1201 840 1258 et
861 1184 1064 1259 Willelmus
1083 1186 1205 1284 Dyere
1217 1185 1351 1287 junior,
1370 1185 1545 1259 Custodes
1561 1184 1656 1258 dicte

447 1285 541 1375 ville,
576 1286 732 1361 unanimi
775 1311 915 1360 assensu
949 1305 985 1361 et
1027 1312 1198 1360 consensu
1233 1286 1346 1360 tocius
1380 1283 1659 1359 Communitatis

446 1386 605 1460 e’usdem
634 1387 718 1460 ville
743 1388 967 1462 tradiderunt
991 1402 1236 1463 concesserunt
1261 1404 1297 1461 et
1325 1387 1370 1461 ad
1395 1383 1491 1462 feodi
1517 1387 1656 1460 firmam

448 1411 660 1563 dimiserunt
677 1489 830 1582 Johanni
857 1488 994 1563 ffullare
1011 1515 1117 1562 unam
1143 1514 1290 1562 vacuam
1308 1487 1443 1587 peciam
1465 1505 1554 1561 terre
1574 1512 1656 1560 cum

449 1591 521 1663 suis
548 1589 771 1689 pertinenciis
787 1590 964 1692 jacentem
992 1588 1084 1665 infra
1110 1589 1308 1664 libertatem
1337 1588 1470 1662 Portus
1488 1591 1659 1678 Dovorre

450 1691 486 1763 in
516 1691 812 1791 Snargatewarde,
842 1691 934 1764 inter
968 1706 1098 1765 terram
1132 1691 1303 1786 johannis
1338 1689 1506 1788 ffrewyne
1540 1713 1660 1762 versus

450 1792 622 1882 northest,
651 1793 798 1894 Regiam
828 1808 973 1866 stratam
995 1818 1118 1867 versus
1150 1792 1331 1882 sowthest,
1362 1807 1491 1864 terram
1516 1790 1660 1864 Thome

450 1892 572 1966 Goore
589 1918 710 1966 versus
734 1892 939 1984 southwest‚
956 1909 992 1966 et
1016 1911 1146 1967 terram
1172 1893 1266 1968 dicte
1288 1892 1371 1965 ville
1388 1917 1511 1966 versus
1536 1891 1662 1965 north-

451 2010 559 2067 west:
588 1992 737 2067 habend'
755 2011 791 2066 et
814 1995 957 2067 tenend’
983 1995 1176 2095 predictam
1203 1994 1336 2093 peciam
1363 2010 1455 2066 terre
1482 2018 1564 2065 cum
1590 1991 1661 2064 suis

451 2094 676 2192 pertinenciis
708 2093 847 2193 prefato
888 2095 1042 2190 Johanni
1085 2095 1274 2170 heredibus
1306 2111 1342 2167 et
1374 2094 1556 2194 assignatis
1591 2093 1663 2165 suis

453 2195 742 2294 imperpetuum:
797 2194 959 2269 ffaciend’
1003 2196 1084 2270 inde
1134 2195 1321 2269 servicium
1373 2195 1508 2268 domini
1556 2194 1663 2293 Regis

452 2294 647 2369 secundum
665 2296 958 2370 consuetudinem
983 2313 1111 2395 portus
1127 2297 1277 2397 predicti
1295 2325 1303 2368 ε
1330 2312 1366 2368 et
1392 2295 1562 2371 reddend'
1579 2295 1662 2368 inde

452 2398 633 2470 annuatim
668 2397 802 2498 Majori
845 2397 939 2472 dicte
973 2398 1056 2472 ville
1089 2398 1151 2498 qui
1186 2422 1253 2496 pro
1285 2414 1448 2494 tempore
1485 2395 1593 2470 fuerit
1626 2411 1663 2468 et

452 2497 656 2572 custodibus
689 2497 846 2598 ejusdem
880 2499 917 2572 in
961 2499 1067 2572 Festo
1100 2499 1308 2574 Natiuitatis
1342 2497 1458 2572 Sancti
1491 2497 1664 2594 Johannis

453 2599 611 2698 Baptiste
645 2625 705 2672 sex
738 2599 901 2674 denarios
934 2599 1092 2674 annualis
1126 2601 1314 2688 redditus;
1353 2615 1389 2673 et
1424 2601 1451 2672 si
1482 2598 1664 2698 contingat

453 2700 590 2774 dictum
607 2699 792 2774 annualem
809 2701 990 2777 redditum
1016 2727 1075 2774 sex
1092 2703 1317 2776 denariorum
1342 2716 1458 2774 aretro
1478 2698 1555 2773 fore
1571 2700 1666 2772 ultra

454 2803 647 2875 terminum
675 2803 873 2901 predictum
906 2828 969 2901 per
999 2828 1114 2876 unum
1143 2827 1299 2876 mensem
1324 2819 1411 2875 tunc
1438 2800 1576 2875 licitum
1598 2799 1664 2872 erit

456 2902 591 3010 Majori
607 2921 643 2978 et
660 2903 878 2978 Custodibus
897 2906 961 3020 qui
982 2921 1068 2978 tunc
1093 2901 1227 2977 fuerint
1250 2904 1286 2976 in
1312 2903 1505 3000 predictam
1531 2902 1664 3000 peciam

454 3022 547 3078 terre
588 3031 670 3078 curn
712 3006 783 3078 suis
829 3005 1064 3104 pertinenciis,
1107 3005 1151 3078 ad
1194 3028 1500 3104 quorumcumque
1542 3027 1667 3076 manus

455 3106 649 3196 devenerit,
666 3106 836 3181 reintrare
853 3122 889 3179 et
906 3105 1048 3204 pacifice
1074 3106 1252 3205 possidere
1268 3104 1334 3177 sibi
1350 3121 1386 3178 et
1411 3105 1667 3178 successoribus

454 3206 527 3280 suis
556 3206 746 3322 majoribus
775 3224 811 3280 et
840 3207 1045 3281 custodibus
1073 3205 1228 3307 ejusdem
1260 3206 1342 3278 ville
1375 3205 1663 3303 imperpetuum:

456 3324 492 3381 et
522 3307 700 3403 predictus
729 3307 889 3381 Thomas
918 3309 1037 3394 Toke,
1067 3307 1199 3408 Major,
1226 3323 1263 3379 et
1292 3307 1467 3381 Custodes
1489 3322 1525 3378 et
1554 3305 1666 3380 Com-

458 3407 611 3481 munitas
641 3408 807 3505 predicta,
836 3409 1030 3506 predictam
1064 3424 1195 3482 terram
1229 3434 1312 3482 cum
1345 3407 1416 3480 suis
1444 3406 1668 3522 pertinenciis

458 3507 596 3608 prefato
612 3509 764 3602 Johanni
782 3509 919 3582 ffullare
941 3509 1127 3583 heredibus
1143 3525 1178 3582 et
1204 3509 1386 3609 assignatis
1401 3531 1473 3580 surs
1497 3507 1534 3580 in
1551 3507 1667 3582 forma

458 3609 615 3709 predicta
631 3626 755 3684 contra
772 3634 894 3684 omnes
909 3627 1032 3710 gentes
1049 3609 1326 3684 warantizabunt
1342 3610 1614 3708 imperpetuum.

535 3711 577 3783 In
603 3711 704 3811 cujus
729 3711 778 3784 rei
805 3711 1049 3785 testimonium
1074 3729 1147 3785 tam
1173 3710 1330 3812 sigillum
1355 3735 1542 3785 commune
1560 3735 1666 3811 quam

456 3811 613 3912 sigillum
632 3811 780 3911 predicti
805 3812 978 3908 Johannis
999 3812 1137 3886 ffullare
1163 3813 1230 3886 hiis
1247 3812 1446 3886 indenturis
1468 3812 1667 3886 alternatim

458 3929 542 3988 sunt
559 3938 720 4012 appensa.

534 4016 627 4088 Data
659 4015 776 4113 primo
808 4013 867 4090 die
899 4015 1029 4088 mensis
1061 4013 1275 4114 Septembris
1307 4039 1401 4088 anno
1430 4015 1529 4114 regni
1559 4013 1667 4114 Regis

459 4115 626 4190 Edwardi
644 4117 762 4215 quarti
781 4115 889 4190 tercio
905 4115 1054 4190 decimo.

535 4217 696 4290 Indorso:
731 4217 858 4312 “John
893 4215 1043 4305 ffullare,
1074 4218 1183 4291 modo
1227 4217 1350 4315 Harry
1392 4217 1516 4316 Bdgy,
1560 4215 1668 4289 modo

461 4317 567 4389 Robt.
586 4317 726 4391 ffluce.”

460 4417 543 4534 [41]
