3756 5270
444 471 516 565 236
804 467 985 541 novun
1012 466 1291 540 ennarrans

923 662 1167 742 LXXVI.

815 855 897 900 xxx
922 835 1021 915 Maii,
1043 837 1066 904 ό
1090 836 1192 903 Edw.
1218 837 1276 902 lv.

442 993 589 1066 Semne
607 1007 783 1090 presentes
812 1006 848 1062 et
876 989 987 1063 futuri
1005 993 1104 1090 quod
1122 991 1281 1064 Thomas
1303 991 1411 1079 Gore,
1431 991 1551 1091 Major
1568 992 1651 1063 ville

443 1097 617 1184 Dovorre,
635 1109 672 1166 et
687 1092 846 1193 ejusdem
863 1091 946 1164 ville
961 1092 1089 1185 Jurati,
1113 1091 1158 1164 de
1184 1117 1359 1166 concensu
1386 1109 1421 1164 et
1449 1119 1515 1190 pro
1541 1093 1652 1165 Com-

443 1195 541 1268 muni
576 1194 728 1268 utilitate
761 1193 873 1266 tocius
907 1193 1184 1266 Communitatis
1216 1210 1461 1266 concesserunt
1498 1210 1544 1284 et,
1588 1193 1651 1266 hac

442 1295 593 1396 presenti
612 1311 706 1369 carta
722 1295 914 1381 indentata,
931 1294 975 1368 ad
993 1293 1088 1367 feodi
1113 1293 1249 1367 firmam
1270 1295 1480 1368 dimiserunt
1497 1293 1649 1388 johanni

443 1397 613 1485 Hancok‚
639 1397 683 1470 de
709 1397 886 1483 Dovorre,
912 1421 1019 1467 unam
1044 1411 1173 1469 terram
1200 1421 1345 1469 vacuam
1364 1397 1541 1496 jacentem
1558 1393 1652 1468 infra

441 1500 637 1573 libertatem
678 1497 808 1570 Portus
845 1498 1020 1587 Dovorre,
1057 1497 1094 1568 in
1131 1497 1409 1595 horspolewarde
1435 1498 1536 1570 inter
1553 1511 1651 1568 tene-

442 1617 601 1673 mentum
619 1597 801 1697 hospitalis
817 1597 934 1670 Sancti
952 1597 1192 1670 Bartholomei
1210 1623 1331 1672 versus
1348 1613 1431 1685 east,
1449 1613 1484 1670 et
1503 1598 1650 1696 Regiam

441 1717 586 1775 stratam
603 1724 725 1772 versus
743 1699 946 1786 northwest,
974 1715 1009 1770 et
1027 1700 1071 1772 ad
1089 1723 1235 1771 vacuam
1252 1715 1385 1772 terram
1406 1723 1520 1797 nuper
1545 1698 1651 1771 Hen-

443 1803 505 1874 rici
532 1803 697 1898 Sextayn,
725 1799 770 1872 de
797 1801 971 1888 Dovorre,
1000 1825 1121 1872 versus
1148 1800 1338 1887 southeast,
1357 1816 1392 1872 et
1418 1800 1461 1872 ad
1480 1799 1651 1872 venellam

442 1902 631 1976 ducentem
648 1927 668 1972 a
684 1916 887 1973 tenemento
905 1900 1056 1972 Henrici
1073 1899 1216 1974 Sextain
1233 1901 1400 1999 usquead
1419 1925 1512 1973 mare
1530 1925 1651 1973 versus

443 2003 656 2078 southwest:
693 1999 843 2074 habend’
869 2016 905 2072 et
931 2001 1072 2074 tenend’
1099 2001 1294 2099 predictam
1319 2017 1449 2074 terram
1474 2027 1555 2074 cum
1581 2002 1652 2074 suis

443 2102 669 2202 pertinenciis
685 2101 822 2199 prefato
837 2101 989 2195 Johanni
1008 2101 1174 2189 Hancok,
1195 2102 1383 2177 heredibus
1407 2119 1442 2175 et
1468 2101 1651 2202 assignatis

444 2205 515 2277 suis
544 2204 830 2302 imperpetuum:
872 2200 1033 2275 ffaciend’
1064 2203 1146 2277 inde
1175 2204 1362 2276 servicium
1392 2203 1528 2276 domini
1559 2205 1652 2303 regis

442 2305 587 2406 quando
612 2302 769 2376 evenerit
796 2303 989 2375 secundum
1016 2302 1305 2376 consuetudinem
1335 2319 1459 2403 portus
1476 2303 1650 2401 predicti;

442 2423 478 2479 et
521 2404 690 2478 reddend‘
732 2403 815 2476 inde
853 2403 1033 2475 annuatim
1072 2404 1229 2502 predicte
1269 2405 1528 2478 Communitati
1567 2405 1650 2479 ville

445 2509 608 2580 Dovorre
624 2506 669 2579 ad
687 2504 830 2578 ffestum
849 2503 1057 2578 Nativitatis
1074 2505 1189 2578 Smcti
1212 2504 1384 2599 Johannis
1410 2505 1566 2604 baptiste
1592 2533 1652 2579 sex

443 2607 606 2684 denarios
622 2605 872 2705 sterlingorum
890 2605 1047 2678 annualis
1063 2606 1246 2679 redditus:
1276 2623 1310 2679 et
1328 2606 1406 2679 vult
1429 2623 1465 2679 et
1491 2609 1651 2680 concedit

444 2709 624 2807 predictus
648 2707 825 2802 Johannes
850 2706 1008 2780 Hancok
1034 2731 1099 2804 pro
1123 2732 1160 2778 se
1184 2723 1220 2779 et
1245 2706 1432 2780 heredibus
1457 2709 1528 2780 suis
1553 2709 1651 2809 quod

444 2809 531 2883 bene
548 2810 648 2882 liceat
680 2806 812 2908 Majori
835 2823 871 2880 et
895 2808 1028 2901 Juratis
1053 2807 1136 2880 ville
1162 2807 1319 2903 predicte
1344 2808 1560 2909 quicumque
1587 2835 1651 2908 pro

444 2929 604 3010 tempore
634 2907 766 2982 fuerint
796 2926 832 2981 et
861 2933 984 2981 eorum
1014 2908 1200 2982 attornatis
1229 2934 1295 3006 pro
1325 2908 1485 3007 predicto
1512 2911 1650 2984 annuali

444 3013 587 3088 redditu
614 3009 799 3109 quosciens
825 3024 940 3081 aretro
967 3007 1074 3082 fuerit
1101 3010 1139 3082 in
1166 3010 1324 3108 predicta
1350 3027 1444 3084 terra
1469 3035 1549 3082 cum
1566 3012 1652 3085 ‘suis

446 3111 668 3212 pertinenciis
684 3110 904 3208 distringere,
922 3124 957 3181 et
979 3108 1217 3183 districciones
1242 3111 1414 3183 abducere
1439 3127 1474 3182 et
1500 3113 1650 3185 retinere

445 3239 629 3314 quousque
645 3211 690 3286 de
707 3211 866 3308 predicto
883 3209 1036 3300 redditu,
1055 3227 1090 3283 et
1109 3210 1153 3283 de
1171 3211 1334 3284 omnibus
1351 3211 1533 3311 arreragiis
1558 3215 1651 3315 ejus-

444 3317 538 3404 dem,
556 3312 621 3385 sibi
640 3310 750 3384 fuerit
767 3309 918 3408 plenarie
934 3308 1174 3384 satisfactum:
1203 3328 1238 3385 et
1264 3311 1443 3410 predictus
1468 3314 1589 3412 Major
1615 3332 1651 3388 et

443 3413 558 3511 Jurati
588 3431 624 3487 et
653 3435 865 3484 successores
893 3408 947 3482 sui
976 3411 1119 3484 nomine
1146 3410 1240 3485 dicte
1268 3413 1544 3487 Communitatis
1571 3443 1651 3514 pre-

444 3516 576 3592 dictam
618 3529 748 3586 terram
790 3537 871 3585 cum
914 3511 987 3584 suis
1034 3512 1258 3610 pertinenciis
1310 3512 1448 3611 prefato
1498 3516 1649 3609 Johanni

446 3616 617 3704 Hancok,
644 3611 832 3687 heredibus
858 3627 894 3684 et
920 3612 1102 3711 assignatis
1128 3613 1212 3702 suis,
1239 3629 1363 3686 contra
1391 3639 1514 3688 omnes
1530 3635 1652 3716 gentes

446 3714 725 3792 warantizabunt
750 3713 1022 3812 imperpetuum.

522 3820 565 3890 ln
581 3815 680 3916 cujus
698 3815 747 3887 rei
764 3814 1008 3887 testimonium
1027 3815 1178 3913 presenti
1196 3830 1289 3887 carte
1300 3815 1481 3889 indentate
1494 3817 1651 3918 sigillum

447 3918 551 3995 officii
571 3917 770 4018 Majoratus
786 3915 869 3989 ville
887 3917 1049 3988 Dovorre
1067 3915 1284 4012 presentibus
1300 3932 1352 3988 est
1369 3943 1573 4015 appensum.

522 4022 615 4093 Data
639 4019 733 4117 apud
759 4018 960 4090 Dovorram
986 4015 1185 4113 penultimo
1210 4017 1268 4089 die
1293 4017 1423 4090 mensis
1451 4020 1541 4093 Maii
1558 4046 1651 4096 anno

447 4121 546 4222 regni
566 4118 673 4218 Regis
688 4117 868 4208 Edwardi,
886 4117 1002 4217 quarti
1021 4134 1101 4214 post
1118 4133 1349 4217 conquestum
1369 4118 1513 4218 Anglie,
1539 4139 1648 4198 sexto.

524 4226 566 4297 In
600 4221 714 4294 dorso:
765 4219 1057 4318 Horspolwarde,
1090 4220 1270 4312 Johannes
1305 4218 1489 4308 Hancok3
1541 4225 1651 4299 modo

447 4322 650 4396 Willelmus
679 4319 806 4408 ffoche‚
837 4320 946 4394 modo
979 4318 1155 4392 Robertus
1189 4321 1337 4416 Kocyer,
1377 4322 1487 4395 modo
1525 4323 1652 4398 Petrus

448 4422 579 4514 Darell,
607 4424 716 4497 modo
742 4422 779 4494 in
808 4421 966 4494 manibus
992 4421 1163 4515 Johannis
1189 4421 1233 4494 de
1261 4421 1390 4494 Wode.

450 4525 535 4626 [39]
