3738 5304
465 453 536 528 372
823 435 999 510 novun
1025 435 1300 511 cernamus

461 659 703 710 successorum
730 651 933 710 nostrorum
958 635 1176 712 conducend'
1200 651 1237 712 et
1261 633 1523 736 transportand'
1548 661 1570 710 a
1592 635 1672 734 ripa

463 751 588 834 portus
624 737 719 812 dicte
751 738 837 812 ville
865 738 912 811 de
946 739 1074 812 Dovor
1103 737 1149 812 cd
1181 761 1288 812 naves
1324 737 1362 810 in
1394 737 1521 812 eodem
1563 751 1671 835 portu

461 835 650 912 existentes
673 838 802 912 autad
821 862 928 912 naves
947 838 985 912 in
1007 837 1080 914 alto
1102 838 1190 912 mari
1218 863 1329 938 prope
1347 838 1500 912 eundem
1526 853 1671 954 portum

461 937 507 1011 sd
533 962 699 1012 ancoram
722 937 890 1040 jacentes,
916 954 953 1013 et
979 965 1001 1014 a
1029 939 1178 1014 navibus
1206 938 1277 1012 illis
1305 940 1351 1014 ad
1373 939 1485 1038 ripam
1511 937 1670 1039 ejusdem

462 1053 587 1136 portus
609 1039 808 1114 conducent
834 1055 871 1114 et
895 1039 1186 1140 transportabunt
1211 1040 1257 1114 de
1282 1055 1442 1138 tempore
1466 1039 1504 1113 in
1529 1055 1670 1138 tempus

460 1137 726 1238 imperpetuum
758 1139 879 1232 libere,
911 1141 1042 1242 absque
1074 1141 1194 1242 aliqua
1225 1140 1435 1216 allocutione
1461 1141 1518 1214 vel
1552 1139 1671 1240 aliqua

461 1241 609 1339 pecunie
625 1267 764 1316 summa
785 1267 848 1316 seu
864 1241 985 1343 aliquo
1000 1242 1071 1316 alio
1089 1269 1158 1342 pro
1174 1241 1258 1318 inde
1273 1268 1293 1316 a
1306 1241 1409 1316 nobis
1428 1239 1617 1316 heredibus
1633 1256 1670 1314 et

459 1342 716 1420 successoribus
741 1342 870 1418 noso-is
894 1343 1104 1442 impetrand’
1129 1369 1191 1417 seu
1224 1342 1484 1443 prosequend’:
1521 1343 1578 1415 Ac
1603 1365 1669 1415 nos

461 1443 606 1518 heredes
637 1459 674 1519 et
711 1469 928 1520 successores
962 1461 1113 1536 nostros,
1146 1444 1192 1519 de
1232 1443 1400 1518 omnibus
1432 1442 1601 1517 oneribus
1633 1458 1669 1516 et

458 1545 684 1620 denariorum
711 1545 859 1620 summis
884 1545 922 1620 in
938 1561 975 1620 et
999 1545 1091 1620 circa
1113 1543 1453 1644 transportacionem
1477 1544 1669 1618 earundem

457 1644 655 1720 litterarum
688 1646 727 1720 in
768 1645 885 1721 forma
926 1647 1083 1746 predicte
1123 1645 1318 1720 sustinend’
1351 1645 1397 1722 de
1438 1661 1598 1745 tempore
1630 1645 1667 1717 in

458 1760 610 1846 tempus,
628 1747 870 1822 exonerabunt
882 1764 919 1821 et
931 1746 1162 1848 aquietabunt
1174 1747 1463 1846 imperpetuum:
1491 1745 1550 1820 Eo
1568 1745 1667 1846 quod

458 1872 618 1964 expressa
642 1849 781 1922 mencio
802 1849 848 1924 de
872 1874 960 1924 vero
979 1848 1098 1925 valore
1120 1872 1238 1922 annuo
1266 1862 1327 1921 aut
1352 1847 1563 1922 certitudine
1587 1872 1668 1944 pre-

458 1973 658 2040 missorum,
674 1949 732 2024 vel
756 1974 879 2024 eorum
904 1949 1061 2052 alicujus,
1088 1965 1151 2024 aut
1174 1950 1221 2023 de
1245 1948 1322 2023 aliis
1345 1947 1451 2022 donis
1475 1947 1550 2020 sive
1582 1972 1667 2022 con-

456 2049 671 2124 cessionibus
681 2075 744 2167 per
759 2074 836 2142 nos,
854 2051 911 2125 vel
922 2076 985 2151 per
997 2053 1152 2152 aliquem
1164 2049 1435 2150 progenitorum
1448 2063 1662 2137 nostrorum,

457 2149 602 2249 prefatis
619 2151 765 2252 Majori
782 2150 927 2246 Juratis,
951 2167 988 2225 et
1006 2151 1266 2226 Communitati
1283 2151 1441 2249 predicte
1465 2151 1522 2224 vel
1546 2165 1665 2224 nostre

455 2252 501 2325 de
529 2253 658 2326 Dovor
685 2267 766 2325 ante
795 2253 859 2326 hec
886 2270 1049 2350 tempora
1078 2251 1180 2326 factis
1207 2252 1245 2325 in
1271 2251 1491 2352 presentibus
1518 2250 1664 2324 minime

455 2351 548 2426 facta
563 2352 698 2442 existat,
715 2367 776 2426 aut
792 2352 913 2453 aliquo
928 2368 1074 2442 statuto,
1090 2369 1183 2443 actu,
1201 2352 1436 2446 ordinacione,
1451 2351 1664 2452 provisione,

454 2453 529 2526 sive
562 2454 786 2528 restriccione
810 2453 893 2528 inde
925 2454 1179 2528 incontrarium
1221 2452 1324 2528 factis
1356 2452 1462 2527 editis
1494 2451 1666 2528 ordinatis

454 2579 516 2628 seu
533 2554 697 2652 provisis,
713 2569 775 2629 aut
796 2554 914 2655 aliqua
937 2555 1004 2629 alia
1020 2580 1058 2629 re
1074 2579 1176 2629 causa
1187 2553 1243 2628 vel
1262 2553 1408 2628 materia
1429 2579 1664 2654 quacumque,

456 2655 493 2728 in
509 2655 631 2756 aliquo
647 2679 720 2730 non
737 2655 907 2731 obstante

531 2757 575 2829 lu
603 2781 718 2850 quus
747 2779 811 2832 um
839 2779 1111 2832 mrsrrsrouruu
1143 2755 1206 2828 has
1241 2755 1377 2829 litteras
1418 2769 1554 2829 nostras
1587 2753 1666 2828 ficti

454 2855 603 2930 fecimus
619 2872 787 2954 patentes.

529 2958 658 3030 Tssrs
680 2958 828 3057 meipsa
852 2959 947 3058 apud
964 2955 1323 3031 westmonasterium
1346 2955 1517 3030 vicesimo
1536 2971 1666 3030 octavo

453 3057 511 3131 die
545 3057 761 3132 Novembris
789 3085 882 3133 anno
910 3058 1010 3158 regni
1038 3057 1148 3132 nostri
1176 3057 1304 3156 primo.
1371 3057 1454 3154 (Per
1481 3055 1589 3130 breve
1617 3058 1665 3131 de

454 3159 596 3257 privato
613 3157 742 3257 sigillo.
796 3159 868 3233 Per
883 3158 1015 3258 Hace.)

1850 2487 1856 2781 l
