3702 5256
478 429 551 519 με
841 425 1322 502 novnncrrnnrsns

946 721 1215 802 cxxlll.

868 897 1294 982 xxxAugustmEliz.

483 1053 573 1128 Huc
616 1054 808 1128 indentura
844 1070 993 1128 testatur
1035 1055 1133 1154 quod
1176 1055 1380 1129 Willelmus
1425 1055 1687 1153 Hannyngton,

484 1153 606 1227 Maior
632 1153 715 1229 ville
739 1171 775 1229 et
801 1171 926 1256 portus
950 1157 1087 1244 Dovor,
1107 1155 1145 1228 in
1166 1155 1338 1230 comitatu
1356 1157 1499 1243 Kancie,
1529 1155 1691 1227 Thomas

484 1255 638 1346 Painter,
655 1257 833 1352 Joharmes
854 1255 1027 1355 Hobday,
1045 1255 1224 1331 Robertus
1250 1257 1397 1347 Nikam,
1413 1273 1449 1331 et
1475 1254 1691 1331 Cristoferus

483 1355 612 1446 Eliott,
642 1358 818 1432 Custodes
846 1357 940 1431 dicte
968 1356 1065 1449 ville,
1095 1357 1253 1432 unanimi
1282 1383 1421 1432 assensu
1455 1374 1491 1432 et
1520 1381 1690 1430 consensu

483 1456 597 1532 tocius
614 1457 891 1533 Communitatis
915 1458 1072 1558 ejusdem
1091 1457 1174 1532 ville
1199 1459 1422 1534 tradiderunt
1444 1471 1690 1532 concesserunt

482 1557 585 1632 etad
612 1557 708 1634 feodi
732 1559 869 1633 firmem
895 1558 1113 1634 demiserunt
1140 1559 1324 1635 Willelmo
1352 1560 1509 1649 Burden,
1536 1560 1580 1632 de
1605 1557 1691 1630 villa

481 1675 517 1732 et
552 1674 661 1758 portu
689 1661 817 1735 Dovor
849 1659 1018 1758 predicte,
1052 1662 1189 1757 Jurato,
1224 1687 1332 1734 unun
1365 1687 1510 1734 vacuam
1536 1658 1690 1758 placeam

483 1775 575 1833 terre
602 1785 683 1834 eum
710 1759 877 1836 omnibus
901 1760 974 1834 suis
997 1761 1231 1859 pertinenciis,
1250 1763 1490 1836 continentem
1508 1761 1545 1834 in
1571 1759 1690 1858 longi-

481 1859 606 1934 tudine
622 1861 821 1936 dewcentos
846 1860 975 1978 viginti
992 1887 1103 1936 unum
1128 1861 1235 1962 pedes
1257 1878 1361 1954 terre,
1378 1879 1416 1937 et
1440 1863 1476 1935 in
1502 1859 1689 1934 latitudine

482 1985 594 2133 uscpue
619 1961 732 2035 altum
759 1986 865 2052 mare,
885 1978 1063 2062 jacentem
1083 1978 1119 2037 et
1143 1963 1351 2038 existentem
1376 1959 1469 2036 infra
1489 1961 1689 2036 libertatem

481 2061 566 2134 vile
598 2077 635 2135 et
661 2079 787 2162 portus
815 2063 942 2136 Dovor
976 2063 1148 2162 predicte,
1182 2064 1275 2137 inter
1306 2063 1484 2164 quandam
1518 2061 1689 2137 venellam

480 2162 668 2235 dueentem
695 2161 739 2236 ab
772 2163 844 2236 alto
878 2163 966 2236 mari
1000 2189 1112 2263 usque
1139 2163 1185 2238 ed
1211 2164 1361 2263 Regiam
1389 2180 1534 2239 stratam
1567 2187 1691 2237 versus

480 2261 706 2355 southweast,
734 2279 771 2336 et
799 2263 951 2337 similem
979 2263 1139 2338 venelem
1168 2289 1291 2339 versus
1320 2265 1512 2357 northeust,
1538 2264 1689 2363 Regiam

481 2377 625 2436 stratam
650 2387 772 2438 versus
789 2363 1013 2454 northweast,
1034 2389 1074 2438 ac
1098 2365 1211 2439 altum
1228 2389 1325 2441 mare
1341 2391 1464 2440 versus
1479 2363 1688 2440 southeest:

483 2461 632 2540 habend'
660 2479 697 2540 et
726 2463 869 2540 tenend’
899 2463 1094 2564 predictam
1127 2489 1274 2542 vacuam
1304 2467 1458 2566 plsoesm
1487 2483 1579 2541 terre
1608 2489 1690 2538 cum

483 2563 650 2640 omnibus
665 2565 738 2640 suis
748 2565 974 2666 pertinenciis
1011 2564 1125 2640 refero
1140 2566 1328 2640 Willelmo
1337 2567 1491 2656 Burden,
1502 2564 1691 2640 heredibus

482 2680 518 2740 ct
535 2664 720 2768 assignatis
743 2665 827 2756 suis,
844 2691 865 2739 a
880 2664 973 2741 festo
1028 2665 1200 2742 ativitetis
1215 2667 1331 2742 Sancti
1343 2667 1515 2763 Johannis
1531 2666 1690 2766 Baptiste

482 2765 611 2840 ultimo
633 2767 804 2866 preterito
827 2781 908 2842 ante
930 2765 1055 2841 datum
1075 2767 1307 2867 presencium,
1325 2770 1370 2845 de
1392 2792 1486 2842 anno
1503 2767 1539 2841 in
1555 2791 1690 2841 annum

483 2891 557 2941 uno
568 2883 649 2966 post
660 2865 770 2941 elium
784 2891 897 2966 usque
908 2869 953 2944 cd
967 2867 1074 2941 finem
1087 2869 1326 2942 etterminum
1342 2870 1495 2944 lsnnrxix.
1515 2893 1690 2943 annorum

481 2982 629 3041 extunc
645 2968 892 3086 proximorum
972 2969 1136 3043 uencium
1153 2984 1190 3044 et
1204 2969 1359 3068 plenarie
1375 2969 1691 3069 complendorum:

481 3065 631 3142 faciend’
649 3069 732 3144 mdc
743 3068 933 3142 servicium
976 3067 1094 3143 omine
1111 3087 1229 3144 nostre
1244 3069 1365 3170 regine
1381 3085 1417 3144 et
1433 3067 1692 3144 suecessoribus

481 3167 554 3242 suis
583 3168 778 3243 secundum
807 3169 1098 3244 consuetudinem
1123 3187 1249 3269 portus
1273 3172 1401 3244 Dovor
1425 3169 1582 3269 predicte
1607 3195 1690 3244 cum

482 3269 675 3360 acciderit;
718 3295 758 3344 ec
790 3270 900 3344 eciam
931 3269 1102 3345 reddend'
1131 3287 1167 3344 et
1196 3268 1369 3345 solivend’
1396 3270 1479 3344 inde
1507 3271 1690 3344 annuatim

484 3368 618 3470 Majori
651 3394 691 3443 ac
723 3369 943 3445 custodibus
974 3370 1068 3445 dicte
1103 3369 1188 3446 ville
1221 3373 1285 3472 qui
1319 3387 1405 3445 tunc
1429 3395 1496 3470 pro
1528 3386 1692 3471 tempore

483 3467 619 3543 fuerint
643 3469 681 3543 in
710 3468 803 3545 festo
828 3471 1079 3570 Asumpcionis
1107 3471 1207 3546 beate
1237 3472 1356 3546 Marie
1382 3471 1542 3572 Virginis
1566 3471 1689 3546 decem

482 3568 616 3645 solidos
648 3595 715 3670 pro
747 3573 886 3645 annuali
920 3570 1091 3646 redditu:
1135 3589 1172 3646 et
1205 3571 1233 3646 si
1268 3573 1452 3672 contingat
1489 3573 1688 3673 predictum

483 3669 670 3745 annualem
691 3670 871 3745 redditum
896 3672 942 3745 de
967 3674 1041 3746 xsh.
1068 3672 1113 3747 ad
1137 3670 1269 3746 festum
1295 3671 1366 3746 vell
1390 3671 1584 3747 terminum
1609 3697 1692 3772 pre-

483 3770 619 3847 dictum
640 3795 714 3872 quo
729 3770 834 3848 sollvi
851 3771 976 3847 debeat
992 3789 1110 3847 aretro
1134 3771 1211 3847 fore
1228 3773 1424 3848 insolutum
1449 3774 1488 3847 in
1504 3789 1604 3872 parte
1618 3774 1691 3849 vell

483 3872 522 3947 in
538 3886 619 3947 toto
635 3871 727 3947 ultra
743 3873 938 3947 terminum
950 3873 1150 3971 predictum
1163 3899 1226 3973 per
1241 3874 1398 3974 spacium
1416 3899 1478 3950 xv.
1493 3873 1643 3963 dierum,
1660 3874 1690 3947 si

483 3975 516 4047 le
543 3971 659 4049 ’ttime
683 3974 849 4090 petitum,
876 3988 964 4049 tunc
991 3973 1131 4048 licitum
1156 3973 1226 4049 erit
1252 3973 1385 4076 Majori
1410 3990 1447 4048 et
1472 3973 1693 4049 Custodibus

482 3999 566 4148 viiie
595 4073 751 4172 predicte
779 4073 842 4176 qui
872 4089 957 4148 tunc
987 4099 1054 4172 pro
1075 4090 1236 4174 tempore
1266 4073 1398 4149 fuerint
1431 4076 1468 4148 in
1498 4075 1691 4173 predictam

484 4199 628 4248 vacuam
658 4174 811 4274 placeam
844 4191 939 4249 terre
973 4199 1056 4248 eum
1089 4174 1255 4250 omnibus
1279 4176 1352 4250 suis
1384 4175 1620 4272 pertinenciis,
1646 4177 1692 4249 ad
1830 4245 1831 4279 ,
