3738 5304
445 471 517 546 374
802 453 979 528 DOVER
1004 453 1283 529 CHARTERS

929 703 930 706 κ
979 653 1119 736 CIX.

888 825 1036 906 rJunli,
1059 841 1076 893 r
1100 825 1216 910 Mary.

446 977 536 1052 Hac
562 977 752 1054 indentura
774 993 924 1052 testatur
944 979 1043 1077 quod
1063 977 1225 1052 Thomas
1246 977 1395 1076 ffynnet,
1423 979 1545 1053 Ma'or
1571 977 1654 1053 ville

444 1095 480 1152 et
501 1079 629 1153 Portus
656 1079 829 1169 Dovorie,
846 1079 884 1153 in
905 1079 1088 1153 Comitatu
1114 1079 1259 1168 Kancie,
1276 1081 1455 1174 Johannes
1481 1005 1653 1168 llarbull,

443 1181 623 1275 Johannes
655 1179 802 1272 Robins,
836 1179 1040 1252 Willelmus
1074 1181 1227 1278 Geylles,
1261 1196 1297 1253 et
1326 1179 1505 1254 Robertus
1533 1179 1653 1268 Seller,

448 1281 626 1354 Custodes
655 1281 748 1354 dicte
778 1280 873 1370 ville,
908 1282 1114 1354 unanimum
1145 1280 1349 1353 *assensum
1379 1298 1414 1355 et
1444 1306 1655 1355 concensum

447 1382 559 1456 totius
576 1381 852 1456 communitatis
876 1381 1036 1497 ejusdem
1059 1381 1142 1454 ville
1165 1382 1388 1455 tradiderunt
1409 1398 1655 1455 concesserunt

447 1501 484 1556 et
509 1484 553 1557 ad
573 1482 691 1556 *fiodi
708 1483 846 1557 firmam
863 1482 1073 1555 dimiserunt
1090 1482 1278 1556 Anthonio
1296 1483 1414 1556 Reade
1439 1484 1485 1557 de
1511 1483 1596 1556 villa
1619 1499 1655 1556 et

449 1602 557 1683 portu
574 1585 722 1658 Dovore
739 1585 906 1682 predicte,
925 1607 1086 1682 yeoman,
1104 1609 1210 1656 unam
1226 1607 1368 1657 vacuam
1383 1583 1549 1682 *placem
1564 1601 1655 1658 terre

450 1710 532 1758 cum
561 1684 727 1759 omnibus
756 1685 827 1758 suis
861 1685 1097 1782 pertinenciis,
1128 1685 1369 1758 continentem
1399 1685 1437 1756 in
1467 1684 1656 1758 latitudine

449 1787 572 1862 *duos
599 1804 708 1861 metas
733 1787 838 1860 rodas
866 1802 956 1859 terre
983 1801 1020 1859 et
1046 1785 1268 1860 *demidiam
1295 1785 1419 1858 rodam
1444 1801 1547 1874 terre,
1564 1801 1602 1858 et
1619 1784 1656 1858 in

449 1886 676 1986 longitudine
695 1887 853 1987 quinque
878 1887 982 1960 rodas
998 1903 1102 1979 terre,
1119 1887 1276 1986 jacentes
1292 1901 1327 1959 et
1354 1886 1541 1960 existentes
1565 1884 1658 1958 infra

449 1986 648 2060 libertatem
669 1986 753 2061 ville
769 2005 805 2060 et
822 2004 947 2085 portus
964 1987 1124 2062 Dovorie
1142 1987 1297 2086 predicte
1314 1986 1407 2060 inter
1423 1987 1547 2060 *terre
1562 1987 1657 2061 dicte

451 2087 534 2161 ville
561 2089 671 2161 modo
691 2087 728 2160 in
748 2088 959 2186 ocupatione
977 2088 1108 2187 Rogeri
1128 2088 1251 2160 Wood
1267 2113 1389 2161 versus
1406 2089 1657 2180 sowtheweast,

450 2205 487 2262 et
499 2188 623 2262 *terre
634 2187 717 2262 ville
728 2187 883 2286 predicte
896 2189 1006 2262 modo
1019 2189 1055 2260 in
1069 2188 1281 2288 ocupatione
1296 2187 1498 2262 Willelmus
1515 2189 1658 2262 Burden

451 2314 575 2362 versus
618 2289 810 2381 northeast,
848 2305 885 2362 et
930 2289 1079 2387 Regiam
1122 2291 1216 2363 viam
1252 2315 1374 2364 versus
1414 2291 1656 2380 northeweast,

451 2406 488 2464 et
514 2390 606 2489 ripas
631 2389 736 2462 maris
761 2415 884 2464 versus
906 2390 1105 2477 sowtheast,
1124 2390 1309 2463 Hnaruo’
1331 2415 1377 2464 ar
1394 2390 1560 2465 ruuruu’
1578 2414 1659 2488 pre-

453 2491 584 2566 dictam
607 2515 751 2565 vacuam
777 2491 799 2532 ’
809 2493 942 2590 placem
961 2507 1052 2564 terre
1069 2515 1150 2563 cum
1167 2490 1331 2563 omnibus
1347 2491 1419 2564 suis
1435 2490 1661 2588 pertinenciis

453 2591 589 2690 prefato
607 2591 795 2665 Anthonio
812 2592 942 2681 Reade,
960 2590 1147 2665 heredibus
1163 2607 1198 2664 et
1219 2591 1402 2690 assignatis
1418 2593 1501 2679 suis,
1524 2619 1544 2665 a
1567 2589 1660 2665 festo

454 2693 568 2766 Sancti
598 2694 785 2767 Michaelis
818 2691 1043 2792 Archangeli,
1069 2693 1199 2766 ultimo
1223 2690 1396 2789 preterito
1429 2708 1510 2764 ante
1536 2691 1659 2766 ‘datam

455 2794 682 2893 presentium,
709 2795 752 2868 de
781 2819 874 2867 anno
903 2795 941 2866 in
966 2818 1098 2866 annum
1125 2818 1199 2866 uno
1228 2807 1309 2890 post
1338 2792 1447 2866 alium
1476 2793 1660 2892 usquead

455 2895 563 2969 finem
586 2910 623 2969 et
639 2896 831 2968 terminum
857 2893 1011 2968 lxxxxix.
1035 2918 1209 2967 annorum
1236 2919 1279 2966 ex
1305 2909 1391 2967 tunc
1415 2893 1660 2992 proximorum

454 2996 677 3096 sequentium
703 3012 740 3068 et
763 2993 916 3092 plenarie
940 2993 1163 3093 complend':
1191 2992 1341 3067 faciend’
1368 2994 1449 3069 inde
1474 2993 1660 3069 servitium

456 3097 602 3170 domine
625 3112 743 3168 nostre
762 3095 895 3194 Regina
919 3111 955 3168 et
980 3093 1233 3168 successoribus
1259 3094 1330 3168 suis
1355 3096 1551 3168 secundum
1575 3121 1662 3169 eon-

457 3196 681 3270 suetudinem
715 3213 839 3294 portus
881 3196 1039 3269 Dovorie
1078 3195 1234 3293 predicte
1273 3220 1354 3268 cum
1388 3195 1577 3270 acciderit:
1622 3220 1661 3268 ac

457 3298 564 3371 etiam
605 3296 777 3370 reddend’
818 3313 856 3370 et
897 3295 1056 3370 solvend'
1100 3296 1182 3369 inde
1223 3295 1405 3368 annuatim
1448 3296 1583 3397 Majori
1625 3312 1663 3369 et

459 3397 676 3472 Custodibus
704 3396 798 3470 dicte
826 3395 922 3486 ville,
940 3395 1004 3496 qui
1021 3413 1107 3469 tunc
1132 3420 1199 3493 pro
1225 3411 1385 3494 tempore
1409 3394 1597 3486 *fuerunt
1624 3397 1663 3470 in

459 3497 551 3572 festo
560 3496 827 3595 Assumptionis
838 3495 936 3570 beate
951 3497 1068 3570 Marie
1081 3496 1238 3595 Virginis
1251 3496 1446 3570 duodeoem
1462 3497 1484 3538 ¹*
1493 3498 1664 3571 denareos

459 3625 526 3700 pro
555 3598 694 3672 annuali
722 3597 869 3672 reditu:
908 3598 1001 3671 etsi
1031 3596 1215 3696 contingat
1243 3597 1443 3695 predictum
1476 3598 1664 3672 manualem

458 3701 614 3776 reditum
641 3698 687 3773 de
711 3697 794 3798 xijd.
820 3697 866 3772 ad
891 3697 1021 3772 festum
1045 3697 1116 3771 vell
1142 3697 1335 3772 terminum
1361 3697 1561 3796 predictum
1590 3725 1665 3799 quo

362 3829 370 3844 ·
459 3800 550 3876 solvi
566 3799 693 3875 debeat
710 3815 826 3873 aretro
848 3797 924 3874 fore
940 3799 978 3872 in
995 3816 1094 3897 parte
1118 3798 1188 3872 vell
1204 3798 1241 3872 in
1259 3815 1339 3873 toto
1361 3799 1456 3872 ultra
1471 3799 1665 3874 terminum

460 3903 658 4001 predictum
688 3925 751 4000 per
780 3900 934 3999 spatium
963 3901 1070 3973 XVem
1099 3899 1251 3990 dierum,
1282 3914 1367 3973 tunc
1392 3898 1530 3974 licitum
1559 3900 1666 3974 *erat

461 4003 597 4105 Majori
621 4019 658 4078 et
683 4002 901 4076 Custodibus
924 4000 1009 4075 ville
1032 4001 1189 4100 predicte
1214 3999 1275 4100 qui
1301 4016 1387 4075 tunc
1411 4025 1478 4098 pro
1506 4017 1667 4099 tempore

460 4102 637 4178 *fuerunt
654 4104 692 4177 in
705 4103 899 4202 predictam
913 4127 1059 4178 vacuam
1072 4101 1206 4200 placem
1220 4119 1312 4174 terre
1325 4126 1408 4174 cum
1418 4102 1583 4175 omnibus
1594 4103 1667 4176 suis

459 4205 684 4308 pertinenciis
717 4207 762 4279 ad
792 4229 1100 4305 quorumcumque
1138 4227 1263 4276 manus
1294 4203 1464 4294 evenerit,
1498 4203 1666 4278 reintrare
