3756 5270
453 485 526 560 ²90
812 466 993 542 DOVER
1021 465 1299 542 CHARTERS

450 666 699 757 forisfacturas,
743 692 808 765 pro
850 666 1097 764 impanelland’
1131 667 1269 768 aliquos
1306 693 1367 740 seu
1401 667 1554 767 aliquem
1587 693 1660 741 ser-

451 769 611 843 vientum
635 794 698 842 seu
720 767 970 842 officiariorum
993 793 1140 842 suorum
1166 769 1204 842 in
1233 769 1379 867 panellis
1411 785 1448 842 et
1468 768 1596 868 juratis
1621 769 1658 842 in

449 869 545 943 curia
568 885 697 958 nostra,
716 867 774 942 vel
798 869 835 944 in
856 869 953 942 curia
969 867 1115 970 alicujus
1133 869 1370 970 progenitoris
1394 870 1517 958 nostri,
1541 893 1659 944 corani

451 970 567 1057 nobis,
584 987 646 1045 aut
664 970 785 1070 aliquo
808 971 1033 1072 progenitore
1061 987 1193 1061 nostro,
1211 987 1272 1045 aut
1295 971 1332 1045 in
1349 971 1466 1070 alique
1481 969 1547 1044 alia
1563 971 1660 1044 curia

451 1088 581 1162 nostra,
606 1073 661 1144 vel
699 1071 846 1172 alicujus
879 1071 1116 1188 progenitoris
1159 1073 1270 1146 nostri
1304 1096 1558 1172 quacumque:
1603 1073 1659 1144 Ac

449 1172 569 1246 omnia
585 1190 621 1246 et
645 1171 853 1247 omnimoda
877 1188 913 1246 et
934 1171 1074 1274 singula
1098 1172 1164 1246 alia
1185 1171 1330 1262 offensa,
1354 1171 1658 1272 transgressiones,

449 1289 675 1371 contemptus
690 1290 726 1347 et
753 1271 995 1348 forisfacturas
1011 1297 1180 1374 quescum
1207 1298 1263 1362 ue,
1277 1299 1339 1372 per
1355 1274 1449 1371 ipsos
1466 1273 1658 1374 Mejorem,

450 1375 642 1463 Ballivum,
659 1391 695 1448 et
712 1373 1027 1463 Communitatem,
1046 1391 1168 1448 contra
1180 1299 1333 1449 immam
1350 1399 1659 1474 quorumcumque

449 1493 484 1548 et
496 1476 722 1575 singulorum
736 1490 963 1567 statutorum,
976 1501 1098 1548 versus
1107 1475 1344 1564 vicecomites,
1357 1475 1659 1565 subvicecomitee,

449 1576 593 1652 clericos
609 1576 908 1667 vicecomitatum,
924 1592 1126 1664 escaetores,
1140 1577 1357 1664 senescallos,
1375 1575 1659 1663 subsenescallos,

449 1677 608 1777 majores,
635 1677 921 1765 constabularios,
947 1677 1144 1778 prepositos
1169 1694 1206 1750 et
1229 1677 1388 1766 ballivos,
1406 1694 1443 1751 et
1465 1702 1602 1764 eorum,
1619 1701 1659 1748 ac

449 1777 636 1878 cujuslibet
669 1803 805 1867 eorum,
838 1779 1048 1877 deputatum
1085 1778 1159 1852 sive
1201 1778 1405 1876 deputatos,
1439 1803 1501 1852 seu
1533 1802 1657 1852 eorum

448 1878 615 1978 aliquem,
648 1896 709 1951 aut
743 1879 881 1979 aliquos
913 1879 1149 1967 vicecomites,
1183 1879 1487 1968 subvicecomites,
1517 1879 1661 1953 clericos

448 1979 710 2069 vicecomitum,
734 1995 938 2068 escaetores,
955 1981 1172 2068 senescallus,
1198 1979 1480 2070 subseneecallos,
1498 1979 1658 2080 majores,

448 2079 733 2167 constabularios,
752 2079 952 2180 prepositos
975 2097 1010 2154 et
1034 2079 1193 2171 ballivos,
1211 2099 1248 2156 et
1270 2106 1407 2170 eorum,
1425 2105 1487 2156 seu
1512 2080 1660 2182 alicujus

447 2205 583 2269 eorum,
598 2179 807 2278 deputatum
828 2181 901 2254 sive
922 2182 1121 2279 deputatos,
1138 2181 1195 2255 vel
1212 2207 1338 2256 eorum
1363 2181 1515 2281 aliquem
1538 2182 1658 2281 aliquo

448 2281 557 2354 modo
575 2297 741 2380 tangente
757 2307 819 2355 seu
836 2297 1076 2370 concernente,
1095 2298 1175 2356 ante
1200 2283 1337 2356 dictum
1354 2283 1462 2372 diem,
1481 2281 1656 2356 factorum

447 2381 520 2455 sive
561 2381 742 2456 editorrun
785 2407 848 2481 per
882 2383 976 2482 ipsos
1019 2382 1211 2484 Majorem,
1243 2383 1433 2472 Ballivum,
1467 2400 1503 2456 et
1544 2383 1657 2457 Com·

448 2483 669 2571 munitatem,
700 2500 781 2557 ante
808 2483 961 2558 eundem
995 2483 1091 2557 diem
1124 2483 1429 2585 qualitercumque
1458 2483 1551 2558 sacta
1582 2484 1657 2557 sive

445 2600 667 2682 perpetrata:
705 2585 756 2657 Et
797 2609 920 2658 omnes
952 2582 1204 2674 forisfacturas,
1236 2585 1587 2684 condempnationes,
1619 2600 1656 2659 et

445 2686 668 2760 denariorum
704 2710 859 2758 summas
888 2684 1000 2774 nobis,
1032 2686 1167 2760 ratione
1201 2711 1263 2760 seu
1298 2687 1478 2770 occasione
1509 2687 1656 2784 premis-

444 2812 578 2877 sorum,
621 2811 683 2858 seu
736 2811 861 2862 eorum
913 2785 1075 2888 alicujus,
1129 2788 1347 2885 pertinentes
1393 2786 1529 2862 debitas
1581 2787 1655 2859 sive

442 2903 659 2985 spectantes;
703 2887 752 2962 Et
794 2887 937 2964 easdem
971 2885 1212 2962 forisfacturas
1245 2888 1586 2987 condempnationes
1618 2904 1655 2960 et

443 2988 670 3062 denariorum
713 3014 867 3062 summas
909 2988 1041 3063 eisdem
1095 2989 1242 3090 Majori,
1276 2989 1426 3078 Ballivo,
1464 3005 1501 3061 et
1543 2987 1656 3062 Com-

445 3089 622 3176 munitati,
649 3114 710 3188 per
737 3105 915 3188 presentes
940 3089 1065 3164 damus
1094 3105 1130 3162 et
1155 3090 1395 3180 concedimus,
1421 3088 1570 3163 habend'
1588 3089 1653 3162 sibi

443 3189 488 3262 de
521 3190 618 3263 dono
647 3207 773 3263 nostro
803 3189 933 3290 absque
963 3215 1042 3263 com
1094 3205 1133 3264 to
1162 3215 1224 3263 seu
1257 3189 1378 3290 aliquo
1407 3189 1476 3263 alio
1505 3189 1655 3287 proinde

448 3288 548 3363 nobis
573 3289 744 3365 reddend’
770 3290 929 3365 solvend’
956 3289 1011 3363 vel
1052 3290 1194 3365 aciend'.
1259 3294 1460 3379 Aesernia,
1478 3291 1656 3388 perdona-

446 3415 537 3478 mus,
565 3391 791 3478 remittimus,
818 3408 855 3465 et
880 3392 1090 3478 relaxamus,
1113 3391 1246 3466 eisdem
1272 3391 1418 3491 Majori,
1444 3390 1592 3479 Ballivo,
1618 3407 1654 3463 et

446 3489 714 3579 communitati,
759 3515 882 3565 omnes
932 3509 968 3565 et
1018 3493 1241 3568 omnimodas
1289 3491 1578 3592 transgressiones
1618 3509 1655 3566 et

444 3590 604 3681 offensas,
631 3591 889 3690 mesprisiones,
906 3593 1145 3692 deceptiones,
1163 3593 1404 3694 necligencias,
1422 3592 1653 3693 ignorancias,

446 3708 482 3766 et
499 3707 725 3790 contemptus
742 3709 865 3768 contra
881 3691 1033 3768 formam
1051 3719 1359 3795 quorumcumque
1381 3709 1417 3768 et
1433 3692 1654 3792 singulorum

445 3810 674 3882 statutorum,
692 3795 935 3893 provisionum
956 3821 1017 3868 seu
1035 3794 1302 3869 ordinacionum
1313 3793 1655 3895 versusjusticiarios

446 3895 490 3970 ad
508 3895 634 3994 placita
656 3921 775 3969 coram
792 3895 905 3985 nobis,
930 3913 991 3969 aut
1006 3895 1126 3994 aliquo
1144 3896 1411 3996 progenitorum
1438 3912 1650 3983 nostrorum,

446 3997 588 4070 tenend'
617 3996 833 4096 justitiarios
874 3996 919 4070 de
961 3996 1072 4071 banco
1114 4014 1247 4086 nostro,
1281 4013 1343 4072 aut
1380 3995 1527 4098 alicujus
1570 4020 1653 4094 pro-

445 4097 648 4197 genitorum
676 4115 889 4186 nostrorum,
913 4097 1127 4198 justiciarios
1152 4097 1196 4171 sd
1222 4097 1353 4186 assisas,
1373 4097 1588 4198 justiciarios
1609 4096 1653 4169 ad

446 4198 563 4298 gaolas
602 4198 827 4290 deliberand’,
849 4197 1064 4299 justiciarios
1096 4197 1170 4272 sive
1203 4200 1368 4273 custodes
1409 4200 1502 4298 pacis
1535 4213 1653 4272 nostre

446 4299 685 4390 conservand',
729 4317 789 4374 aut
825 4298 1041 4400 justiciarius
1072 4298 1147 4373 sive
1183 4299 1348 4374 custodes
1384 4299 1530 4400 alicujus
1572 4324 1655 4398 pro-
