<?xml version="1.0" encoding="UTF-8"?>
<!DOCTYPE html PUBLIC "-//W3C//DTD XHTML 1.0 Transitional//EN"
    "http://www.w3.org/TR/xhtml1/DTD/xhtml1-transitional.dtd">
<html xmlns="http://www.w3.org/1999/xhtml" xml:lang="en" lang="en">
 <head>
  <title>
</title>
<meta http-equiv="Content-Type" content="text/html;charset=utf-8" />
  <meta name='ocr-system' content='tesseract 3.04.00' />
  <meta name='ocr-capabilities' content='ocr_page ocr_carea ocr_par ocr_line ocrx_word'/>
</head>
<body>
  <div class='ocr_page' id='page_1' title='image "./doverchartersan01statgoog_0189.png"; bbox 0 0 3728 5256; ppageno 0'>
   <div class='ocr_carea' id='block_1_1' title="bbox 803 453 1290 532">
    <p class='ocr_par' dir='ltr' id='par_1_1' title="bbox 803 453 1290 532">
     <span class='ocr_line' id='line_1_1' title="bbox 803 453 1290 532; baseline -0.01 0"><span class='ocrx_word' id='word_1_1' title='bbox 803 456 985 532; x_wconf 88' lang='lat' dir='ltr'>DOVER</span> <span class='ocrx_word' id='word_1_2' title='bbox 1011 453 1290 530; x_wconf 84' lang='lat' dir='ltr'>CHARTERS</span> 
     </span>
    </p>
   </div>
   <div class='ocr_carea' id='block_1_2' title="bbox 835 655 1268 899">
    <p class='ocr_par' dir='ltr' id='par_1_2' title="bbox 835 655 1268 899">
     <span class='ocr_line' id='line_1_2' title="bbox 990 655 1103 734; baseline 0.018 -2"><span class='ocrx_word' id='word_1_3' title='bbox 990 655 1103 734; x_wconf 88' lang='lat' dir='ltr'><strong>LII.</strong></span> 
     </span>
     <span class='ocr_line' id='line_1_3' title="bbox 835 815 1268 899; baseline -0.002 -17"><span class='ocrx_word' id='word_1_4' title='bbox 835 815 1268 899; x_wconf 75' lang='lat' dir='ltr'>vaarcii,71·leuIV.</span> 
     </span>
    </p>
   </div>
   <div class='ocr_carea' id='block_1_3' title="bbox 439 959 1664 4284">
    <p class='ocr_par' dir='ltr' id='par_1_3' title="bbox 439 959 1664 4284">
     <span class='ocr_line' id='line_1_4' title="bbox 446 959 1654 1062; baseline -0.007 -24"><span class='ocrx_word' id='word_1_5' title='bbox 446 966 594 1038; x_wconf 77' lang='lat' dir='ltr'>Scrnur</span> <span class='ocrx_word' id='word_1_6' title='bbox 618 977 796 1062; x_wconf 74' lang='lat' dir='ltr'>presentes</span> <span class='ocrx_word' id='word_1_7' title='bbox 814 977 850 1035; x_wconf 91' lang='lat' dir='ltr'>et</span> <span class='ocrx_word' id='word_1_8' title='bbox 875 960 990 1034; x_wconf 84' lang='lat' dir='ltr'>futuri</span> <span class='ocrx_word' id='word_1_9' title='bbox 1007 961 1106 1060; x_wconf 89' lang='lat' dir='ltr'>quud</span> <span class='ocrx_word' id='word_1_10' title='bbox 1123 985 1203 1060; x_wconf 88' lang='lat' dir='ltr'>ego,</span> <span class='ocrx_word' id='word_1_11' title='bbox 1228 960 1389 1034; x_wconf 87' lang='lat' dir='ltr'>Thomas</span> <span class='ocrx_word' id='word_1_12' title='bbox 1410 977 1466 1034; x_wconf 86' lang='lat' dir='ltr'>ate</span> <span class='ocrx_word' id='word_1_13' title='bbox 1488 959 1654 1036; x_wconf 90' lang='lat' dir='ltr'>Crouche</span> 
     </span>
     <span class='ocr_line' id='line_1_5' title="bbox 445 1062 1657 1160; baseline -0.006 -21"><span class='ocrx_word' id='word_1_14' title='bbox 445 1067 488 1140; x_wconf 87' lang='lat' dir='ltr'>de</span> <span class='ocrx_word' id='word_1_15' title='bbox 507 1067 672 1138; x_wconf 86' lang='lat' dir='ltr'>Dovorra</span> <span class='ocrx_word' id='word_1_16' title='bbox 687 1063 770 1138; x_wconf 87' lang='lat' dir='ltr'>dedi</span> <span class='ocrx_word' id='word_1_17' title='bbox 788 1063 939 1136; x_wconf 78' lang='lat' dir='ltr'>concessi</span> <span class='ocrx_word' id='word_1_18' title='bbox 957 1081 993 1136; x_wconf 90' lang='lat' dir='ltr'>et</span> <span class='ocrx_word' id='word_1_19' title='bbox 1011 1063 1075 1136; x_wconf 82' lang='lat' dir='ltr'>hac</span> <span class='ocrx_word' id='word_1_20' title='bbox 1101 1064 1253 1160; x_wconf 82' lang='lat' dir='ltr'><strong>presenti</strong></span> <span class='ocrx_word' id='word_1_21' title='bbox 1270 1079 1367 1136; x_wconf 89' lang='lat' dir='ltr'>carta</span> <span class='ocrx_word' id='word_1_22' title='bbox 1383 1088 1461 1137; x_wconf 87' lang='lat' dir='ltr'>mea</span> <span class='ocrx_word' id='word_1_23' title='bbox 1477 1062 1657 1135; x_wconf 89' lang='lat' dir='ltr'>indentata</span> 
     </span>
     <span class='ocr_line' id='line_1_6' title="bbox 445 1163 1655 1250; baseline -0.006 -10"><span class='ocrx_word' id='word_1_24' title='bbox 445 1169 489 1240; x_wconf 89' lang='lat' dir='ltr'>ad</span> <span class='ocrx_word' id='word_1_25' title='bbox 517 1165 612 1240; x_wconf 88' lang='lat' dir='ltr'>feodi</span> <span class='ocrx_word' id='word_1_26' title='bbox 642 1166 780 1239; x_wconf 87' lang='lat' dir='ltr'>firmam</span> <span class='ocrx_word' id='word_1_27' title='bbox 806 1164 1011 1238; x_wconf 83' lang='lat' dir='ltr'>confirmavi</span> <span class='ocrx_word' id='word_1_28' title='bbox 1040 1163 1208 1236; x_wconf 90' lang='lat' dir='ltr'>Michaeli</span> <span class='ocrx_word' id='word_1_29' title='bbox 1237 1164 1305 1238; x_wconf 91' lang='lat' dir='ltr'>Cul</span> <span class='ocrx_word' id='word_1_30' title='bbox 1340 1165 1384 1238; x_wconf 87' lang='lat' dir='ltr'>de</span> <span class='ocrx_word' id='word_1_31' title='bbox 1415 1164 1590 1250; x_wconf 82' lang='lat' dir='ltr'>Dovorra,</span> <span class='ocrx_word' id='word_1_32' title='bbox 1618 1177 1655 1234; x_wconf 91' lang='lat' dir='ltr'>et</span> 
     </span>
     <span class='ocr_line' id='line_1_7' title="bbox 444 1264 1656 1368; baseline -0.007 -26"><span class='ocrx_word' id='word_1_33' title='bbox 444 1269 590 1367; x_wconf 89' lang='lat' dir='ltr'>Gisyne,</span> <span class='ocrx_word' id='word_1_34' title='bbox 616 1267 720 1341; x_wconf 86' lang='lat' dir='ltr'>uxori</span> <span class='ocrx_word' id='word_1_35' title='bbox 754 1265 842 1368; x_wconf 87' lang='lat' dir='ltr'>ejus,</span> <span class='ocrx_word' id='word_1_36' title='bbox 878 1291 993 1338; x_wconf 88' lang='lat' dir='ltr'>unum</span> <span class='ocrx_word' id='word_1_37' title='bbox 1030 1281 1272 1338; x_wconf 86' lang='lat' dir='ltr'>tenementum</span> <span class='ocrx_word' id='word_1_38' title='bbox 1315 1290 1398 1337; x_wconf 92' lang='lat' dir='ltr'>cum</span> <span class='ocrx_word' id='word_1_39' title='bbox 1433 1264 1656 1363; x_wconf 87' lang='lat' dir='ltr'>pertinenciis</span> 
     </span>
     <span class='ocr_line' id='line_1_8' title="bbox 445 1364 1656 1443; baseline -0.005 -1"><span class='ocrx_word' id='word_1_40' title='bbox 445 1371 617 1443; x_wconf 88' lang='lat' dir='ltr'>situatum</span> <span class='ocrx_word' id='word_1_41' title='bbox 643 1365 735 1441; x_wconf 86' lang='lat' dir='ltr'>infra</span> <span class='ocrx_word' id='word_1_42' title='bbox 751 1366 949 1440; x_wconf 84' lang='lat' dir='ltr'>libertatem</span> <span class='ocrx_word' id='word_1_43' title='bbox 976 1366 1110 1439; x_wconf 90' lang='lat' dir='ltr'>Portus</span> <span class='ocrx_word' id='word_1_44' title='bbox 1135 1368 1300 1440; x_wconf 92' lang='lat' dir='ltr'>Dovorre</span> <span class='ocrx_word' id='word_1_45' title='bbox 1326 1367 1362 1438; x_wconf 94' lang='lat' dir='ltr'>in</span> <span class='ocrx_word' id='word_1_46' title='bbox 1387 1365 1420 1437; x_wconf 74' lang='lat'>⁴⁸.</span> <span class='ocrx_word' id='word_1_47' title='bbox 1447 1421 1456 1437; x_wconf 92' lang='lat'><strong>.</strong></span> <span class='ocrx_word' id='word_1_48' title='bbox 1486 1422 1494 1438; x_wconf 92' lang='lat'><strong>.</strong></span> <span class='ocrx_word' id='word_1_49' title='bbox 1521 1364 1656 1438; x_wconf 90' lang='lat' dir='ltr'>Warde</span> 
     </span>
     <span class='ocr_line' id='line_1_9' title="bbox 446 1467 1655 1570; baseline -0.004 -28"><span class='ocrx_word' id='word_1_50' title='bbox 446 1473 539 1544; x_wconf 91' lang='lat' dir='ltr'>inter</span> <span class='ocrx_word' id='word_1_51' title='bbox 572 1470 704 1570; x_wconf 79' lang='lat' dir='ltr'>regiam</span> <span class='ocrx_word' id='word_1_52' title='bbox 747 1484 890 1542; x_wconf 90' lang='lat' dir='ltr'>stratam</span> <span class='ocrx_word' id='word_1_53' title='bbox 934 1491 1054 1541; x_wconf 84' lang='lat' dir='ltr'>versus</span> <span class='ocrx_word' id='word_1_54' title='bbox 1099 1467 1301 1555; x_wconf 84' lang='lat' dir='ltr'>northwest,</span> <span class='ocrx_word' id='word_1_55' title='bbox 1332 1484 1369 1539; x_wconf 89' lang='lat' dir='ltr'>et</span> <span class='ocrx_word' id='word_1_56' title='bbox 1411 1483 1655 1540; x_wconf 87' lang='lat' dir='ltr'>tenementum</span> 
     </span>
     <span class='ocr_line' id='line_1_10' title="bbox 445 1567 1655 1667; baseline -0.004 -22"><span class='ocrx_word' id='word_1_57' title='bbox 445 1572 618 1667; x_wconf 87' lang='lat' dir='ltr'>Johannis</span> <span class='ocrx_word' id='word_1_58' title='bbox 642 1569 818 1656; x_wconf 85' lang='lat' dir='ltr'>Andrew,</span> <span class='ocrx_word' id='word_1_59' title='bbox 844 1569 1060 1666; x_wconf 82' lang='lat' dir='ltr'>schipwrert‚</span> <span class='ocrx_word' id='word_1_60' title='bbox 1080 1585 1115 1640; x_wconf 90' lang='lat' dir='ltr'>et</span> <span class='ocrx_word' id='word_1_61' title='bbox 1144 1585 1272 1642; x_wconf 88' lang='lat' dir='ltr'>terram</span> <span class='ocrx_word' id='word_1_62' title='bbox 1298 1569 1442 1639; x_wconf 86' lang='lat' dir='ltr'>Thome</span> <span class='ocrx_word' id='word_1_63' title='bbox 1465 1567 1655 1652; x_wconf 88' lang='lat' dir='ltr'>Cocchare,</span> 
     </span>
     <span class='ocr_line' id='line_1_11' title="bbox 439 1667 1657 1776; baseline -0.006 -30"><span class='ocrx_word' id='word_1_64' title='bbox 439 1674 606 1776; x_wconf 88' lang='lat' dir='ltr'>junioris,</span> <span class='ocrx_word' id='word_1_65' title='bbox 641 1695 763 1744; x_wconf 86' lang='lat' dir='ltr'>versus</span> <span class='ocrx_word' id='word_1_66' title='bbox 796 1670 967 1758; x_wconf 84' lang='lat' dir='ltr'>northeet‚</span> <span class='ocrx_word' id='word_1_67' title='bbox 1004 1686 1040 1742; x_wconf 92' lang='lat' dir='ltr'>et</span> <span class='ocrx_word' id='word_1_68' title='bbox 1072 1669 1264 1768; x_wconf 88' lang='lat' dir='ltr'>quamdam</span> <span class='ocrx_word' id='word_1_69' title='bbox 1308 1667 1502 1767; x_wconf 90' lang='lat' dir='ltr'>Vernplace</span> <span class='ocrx_word' id='word_1_70' title='bbox 1535 1693 1657 1742; x_wconf 88' lang='lat' dir='ltr'>versus</span> 
     </span>
     <span class='ocr_line' id='line_1_12' title="bbox 445 1769 1655 1868; baseline -0.006 -21"><span class='ocrx_word' id='word_1_71' title='bbox 445 1775 637 1861; x_wconf 88' lang='lat' dir='ltr'>southeast,</span> <span class='ocrx_word' id='word_1_72' title='bbox 654 1789 690 1845; x_wconf 90' lang='lat' dir='ltr'>et</span> <span class='ocrx_word' id='word_1_73' title='bbox 708 1786 952 1844; x_wconf 89' lang='lat' dir='ltr'>tenementum</span> <span class='ocrx_word' id='word_1_74' title='bbox 968 1770 1141 1865; x_wconf 78' lang='lat' dir='ltr'>johannis</span> <span class='ocrx_word' id='word_1_75' title='bbox 1166 1769 1278 1868; x_wconf 80' lang='lat' dir='ltr'>ffyshe</span> <span class='ocrx_word' id='word_1_76' title='bbox 1295 1795 1419 1842; x_wconf 87' lang='lat' dir='ltr'>versus</span> <span class='ocrx_word' id='word_1_77' title='bbox 1435 1771 1655 1855; x_wconf 84' lang='lat' dir='ltr'>southwest;</span> 
     </span>
     <span class='ocr_line' id='line_1_13' title="bbox 446 1871 1657 1948; baseline -0.003 -2"><span class='ocrx_word' id='word_1_78' title='bbox 446 1874 595 1948; x_wconf 89' lang='lat' dir='ltr'>habend’</span> <span class='ocrx_word' id='word_1_79' title='bbox 621 1889 657 1944; x_wconf 89' lang='lat' dir='ltr'>et</span> <span class='ocrx_word' id='word_1_80' title='bbox 673 1872 817 1947; x_wconf 86' lang='lat' dir='ltr'>tenend’</span> <span class='ocrx_word' id='word_1_81' title='bbox 834 1873 972 1946; x_wconf 93' lang='lat' dir='ltr'>dictum</span> <span class='ocrx_word' id='word_1_82' title='bbox 997 1887 1240 1944; x_wconf 88' lang='lat' dir='ltr'>tenementum</span> <span class='ocrx_word' id='word_1_83' title='bbox 1266 1896 1350 1943; x_wconf 92' lang='lat' dir='ltr'>cum</span> <span class='ocrx_word' id='word_1_84' title='bbox 1375 1871 1521 1944; x_wconf 90' lang='lat' dir='ltr'>edificiis</span> <span class='ocrx_word' id='word_1_85' title='bbox 1547 1871 1657 1944; x_wconf 89' lang='lat' dir='ltr'>muris</span> 
     </span>
     <span class='ocr_line' id='line_1_14' title="bbox 446 1971 1653 2071; baseline -0.005 -22"><span class='ocrx_word' id='word_1_86' title='bbox 446 1991 481 2050; x_wconf 90' lang='lat' dir='ltr'>et</span> <span class='ocrx_word' id='word_1_87' title='bbox 498 1973 662 2048; x_wconf 90' lang='lat' dir='ltr'>omnibus</span> <span class='ocrx_word' id='word_1_88' title='bbox 678 1973 755 2046; x_wconf 91' lang='lat' dir='ltr'>aliis</span> <span class='ocrx_word' id='word_1_89' title='bbox 771 1973 995 2071; x_wconf 88' lang='lat' dir='ltr'>pertinenciis</span> <span class='ocrx_word' id='word_1_90' title='bbox 1010 1972 1082 2044; x_wconf 87' lang='lat' dir='ltr'>suis</span> <span class='ocrx_word' id='word_1_91' title='bbox 1098 1971 1243 2069; x_wconf 88' lang='lat' dir='ltr'>prefatis</span> <span class='ocrx_word' id='word_1_92' title='bbox 1260 1971 1431 2044; x_wconf 86' lang='lat' dir='ltr'>Michaeli</span> <span class='ocrx_word' id='word_1_93' title='bbox 1456 1988 1492 2044; x_wconf 93' lang='lat' dir='ltr'>et</span> <span class='ocrx_word' id='word_1_94' title='bbox 1509 1971 1653 2069; x_wconf 88' lang='lat' dir='ltr'>Gisyne‚</span> 
     </span>
     <span class='ocr_line' id='line_1_15' title="bbox 448 2072 1658 2174; baseline -0.003 -26"><span class='ocrx_word' id='word_1_95' title='bbox 448 2075 549 2148; x_wconf 82' lang='lat' dir='ltr'>uxori</span> <span class='ocrx_word' id='word_1_96' title='bbox 582 2075 670 2174; x_wconf 88' lang='lat' dir='ltr'>ejus,</span> <span class='ocrx_word' id='word_1_97' title='bbox 704 2072 892 2147; x_wconf 87' lang='lat' dir='ltr'>heredibus</span> <span class='ocrx_word' id='word_1_98' title='bbox 923 2089 960 2146; x_wconf 93' lang='lat' dir='ltr'>et</span> <span class='ocrx_word' id='word_1_99' title='bbox 992 2097 1118 2146; x_wconf 87' lang='lat' dir='ltr'>eorum</span> <span class='ocrx_word' id='word_1_100' title='bbox 1151 2073 1332 2173; x_wconf 86' lang='lat' dir='ltr'>assignatis</span> <span class='ocrx_word' id='word_1_101' title='bbox 1364 2073 1658 2171; x_wconf 88' lang='lat' dir='ltr'>imperpetuum;</span> 
     </span>
     <span class='ocr_line' id='line_1_16' title="bbox 446 2171 1657 2275; baseline -0.003 -25"><span class='ocrx_word' id='word_1_102' title='bbox 446 2177 579 2275; x_wconf 81' lang='lat' dir='ltr'>absque</span> <span class='ocrx_word' id='word_1_103' title='bbox 614 2191 714 2248; x_wconf 89' lang='lat' dir='ltr'>vasto</span> <span class='ocrx_word' id='word_1_104' title='bbox 742 2199 804 2247; x_wconf 90' lang='lat' dir='ltr'>seu</span> <span class='ocrx_word' id='word_1_105' title='bbox 831 2189 1090 2272; x_wconf 85' lang='lat' dir='ltr'>estrepamento</span> <span class='ocrx_word' id='word_1_106' title='bbox 1118 2171 1280 2264; x_wconf 77' lang='lat' dir='ltr'>fadend&#39;,</span> <span class='ocrx_word' id='word_1_107' title='bbox 1309 2189 1345 2247; x_wconf 88' lang='lat' dir='ltr'>et</span> <span class='ocrx_word' id='word_1_108' title='bbox 1380 2172 1539 2247; x_wconf 85' lang='lat' dir='ltr'>ffaciend&#39;</span> <span class='ocrx_word' id='word_1_109' title='bbox 1573 2173 1657 2248; x_wconf 89' lang='lat' dir='ltr'>inde</span> 
     </span>
     <span class='ocr_line' id='line_1_17' title="bbox 447 2274 1658 2374; baseline -0.001 -25"><span class='ocrx_word' id='word_1_110' title='bbox 447 2277 635 2350; x_wconf 84' lang='lat' dir='ltr'>servicium</span> <span class='ocrx_word' id='word_1_111' title='bbox 662 2276 799 2348; x_wconf 91' lang='lat' dir='ltr'>domini</span> <span class='ocrx_word' id='word_1_112' title='bbox 822 2274 929 2374; x_wconf 87' lang='lat' dir='ltr'>Regis</span> <span class='ocrx_word' id='word_1_113' title='bbox 954 2299 1036 2346; x_wconf 90' lang='lat' dir='ltr'>curn</span> <span class='ocrx_word' id='word_1_114' title='bbox 1062 2274 1227 2348; x_wconf 89' lang='lat' dir='ltr'>acciderit</span> <span class='ocrx_word' id='word_1_115' title='bbox 1251 2275 1446 2348; x_wconf 89' lang='lat' dir='ltr'>secundum</span> <span class='ocrx_word' id='word_1_116' title='bbox 1469 2291 1658 2348; x_wconf 91' lang='lat' dir='ltr'>consuetu-</span> 
     </span>
     <span class='ocr_line' id='line_1_18' title="bbox 448 2373 1657 2474; baseline -0.003 -23"><span class='ocrx_word' id='word_1_117' title='bbox 448 2379 568 2452; x_wconf 89' lang='lat' dir='ltr'>dinem</span> <span class='ocrx_word' id='word_1_118' title='bbox 601 2393 727 2474; x_wconf 89' lang='lat' dir='ltr'>portus</span> <span class='ocrx_word' id='word_1_119' title='bbox 765 2375 938 2474; x_wconf 89' lang='lat' dir='ltr'>predicti;</span> <span class='ocrx_word' id='word_1_120' title='bbox 990 2374 1160 2449; x_wconf 88' lang='lat' dir='ltr'>reddend’</span> <span class='ocrx_word' id='word_1_121' title='bbox 1202 2373 1285 2449; x_wconf 91' lang='lat' dir='ltr'>inde</span> <span class='ocrx_word' id='word_1_122' title='bbox 1326 2376 1507 2450; x_wconf 81' lang='lat' dir='ltr'>annuatim</span> <span class='ocrx_word' id='word_1_123' title='bbox 1550 2376 1657 2449; x_wconf 90' lang='lat' dir='ltr'>iidem</span> 
     </span>
     <span class='ocr_line' id='line_1_19' title="bbox 450 2475 1657 2577; baseline -0.004 -24"><span class='ocrx_word' id='word_1_124' title='bbox 450 2476 637 2553; x_wconf 84' lang='lat' dir='ltr'>Michaelis</span> <span class='ocrx_word' id='word_1_125' title='bbox 664 2493 699 2550; x_wconf 88' lang='lat' dir='ltr'>et</span> <span class='ocrx_word' id='word_1_126' title='bbox 724 2476 870 2577; x_wconf 89' lang='lat' dir='ltr'>Gisyna,</span> <span class='ocrx_word' id='word_1_127' title='bbox 894 2500 982 2549; x_wconf 84' lang='lat' dir='ltr'>uxor</span> <span class='ocrx_word' id='word_1_128' title='bbox 1005 2475 1092 2576; x_wconf 89' lang='lat' dir='ltr'>ejus,</span> <span class='ocrx_word' id='word_1_129' title='bbox 1115 2477 1260 2551; x_wconf 84' lang='lat' dir='ltr'>heredes</span> <span class='ocrx_word' id='word_1_130' title='bbox 1276 2494 1311 2550; x_wconf 90' lang='lat' dir='ltr'>et</span> <span class='ocrx_word' id='word_1_131' title='bbox 1341 2501 1467 2550; x_wconf 88' lang='lat' dir='ltr'>eorum</span> <span class='ocrx_word' id='word_1_132' title='bbox 1493 2477 1657 2576; x_wconf 85' lang='lat' dir='ltr'>assignati</span> 
     </span>
     <span class='ocr_line' id='line_1_20' title="bbox 448 2575 1656 2676; baseline -0.002 -23"><span class='ocrx_word' id='word_1_133' title='bbox 448 2579 555 2653; x_wconf 90' lang='lat' dir='ltr'>michi</span> <span class='ocrx_word' id='word_1_134' title='bbox 583 2575 720 2676; x_wconf 86' lang='lat' dir='ltr'>prefato</span> <span class='ocrx_word' id='word_1_135' title='bbox 737 2577 879 2650; x_wconf 92' lang='lat' dir='ltr'>Thome</span> <span class='ocrx_word' id='word_1_136' title='bbox 905 2595 961 2650; x_wconf 91' lang='lat' dir='ltr'>ate</span> <span class='ocrx_word' id='word_1_137' title='bbox 985 2576 1149 2650; x_wconf 87' lang='lat' dir='ltr'>Crouche</span> <span class='ocrx_word' id='word_1_138' title='bbox 1169 2595 1204 2650; x_wconf 89' lang='lat' dir='ltr'>et</span> <span class='ocrx_word' id='word_1_139' title='bbox 1234 2579 1409 2672; x_wconf 88' lang='lat' dir='ltr'>Johanne‚</span> <span class='ocrx_word' id='word_1_140' title='bbox 1438 2578 1538 2652; x_wconf 87' lang='lat' dir='ltr'>uxori</span> <span class='ocrx_word' id='word_1_141' title='bbox 1568 2603 1656 2666; x_wconf 90' lang='lat' dir='ltr'>mee,</span> 
     </span>
     <span class='ocr_line' id='line_1_21' title="bbox 450 2677 1658 2779; baseline -0.002 -25"><span class='ocrx_word' id='word_1_142' title='bbox 450 2681 638 2754; x_wconf 89' lang='lat' dir='ltr'>heredibus</span> <span class='ocrx_word' id='word_1_143' title='bbox 653 2695 689 2752; x_wconf 88' lang='lat' dir='ltr'>et</span> <span class='ocrx_word' id='word_1_144' title='bbox 706 2679 889 2779; x_wconf 86' lang='lat' dir='ltr'>assignatis</span> <span class='ocrx_word' id='word_1_145' title='bbox 906 2677 975 2750; x_wconf 93' lang='lat' dir='ltr'>mei</span> <span class='ocrx_word' id='word_1_146' title='bbox 993 2678 1080 2750; x_wconf 90' lang='lat' dir='ltr'>dicti</span> <span class='ocrx_word' id='word_1_147' title='bbox 1097 2679 1242 2752; x_wconf 91' lang='lat' dir='ltr'>Thome</span> <span class='ocrx_word' id='word_1_148' title='bbox 1259 2695 1330 2751; x_wconf 88' lang='lat' dir='ltr'>tres</span> <span class='ocrx_word' id='word_1_149' title='bbox 1354 2679 1488 2753; x_wconf 86' lang='lat' dir='ltr'>solidos</span> <span class='ocrx_word' id='word_1_150' title='bbox 1504 2678 1606 2752; x_wconf 89' lang='lat' dir='ltr'>liberi</span> <span class='ocrx_word' id='word_1_151' title='bbox 1623 2696 1658 2752; x_wconf 94' lang='lat' dir='ltr'>et</span> 
     </span>
     <span class='ocr_line' id='line_1_22' title="bbox 448 2779 1661 2880; baseline -0.003 -25"><span class='ocrx_word' id='word_1_152' title='bbox 448 2781 608 2856; x_wconf 82' lang='lat' dir='ltr'>annualis</span> <span class='ocrx_word' id='word_1_153' title='bbox 624 2779 786 2855; x_wconf 90' lang='lat' dir='ltr'>redditus</span> <span class='ocrx_word' id='word_1_154' title='bbox 802 2779 847 2852; x_wconf 86' lang='lat' dir='ltr'>ad</span> <span class='ocrx_word' id='word_1_155' title='bbox 870 2796 1024 2879; x_wconf 89' lang='lat' dir='ltr'>quatuor</span> <span class='ocrx_word' id='word_1_156' title='bbox 1040 2779 1122 2851; x_wconf 85' lang='lat' dir='ltr'>anni</span> <span class='ocrx_word' id='word_1_157' title='bbox 1139 2780 1312 2853; x_wconf 88' lang='lat' dir='ltr'>terminos</span> <span class='ocrx_word' id='word_1_158' title='bbox 1336 2780 1544 2879; x_wconf 77' lang='lat' dir='ltr'>principales</span> <span class='ocrx_word' id='word_1_159' title='bbox 1560 2779 1661 2880; x_wconf 88' lang='lat' dir='ltr'>equis</span> 
     </span>
     <span class='ocr_line' id='line_1_23' title="bbox 449 2879 1658 2983; baseline -0.002 -27"><span class='ocrx_word' id='word_1_160' title='bbox 449 2881 676 2983; x_wconf 84' lang='lat' dir='ltr'>porcionibus</span> <span class='ocrx_word' id='word_1_161' title='bbox 704 2879 891 2968; x_wconf 81' lang='lat' dir='ltr'>solvend’3</span> <span class='ocrx_word' id='word_1_162' title='bbox 926 2895 962 2952; x_wconf 92' lang='lat' dir='ltr'>et</span> <span class='ocrx_word' id='word_1_163' title='bbox 987 2880 1016 2953; x_wconf 92' lang='lat' dir='ltr'>si</span> <span class='ocrx_word' id='word_1_164' title='bbox 1042 2881 1225 2978; x_wconf 85' lang='lat' dir='ltr'>contingat</span> <span class='ocrx_word' id='word_1_165' title='bbox 1250 2882 1448 2977; x_wconf 90' lang='lat' dir='ltr'>predictum</span> <span class='ocrx_word' id='word_1_166' title='bbox 1475 2881 1658 2954; x_wconf 80' lang='lat' dir='ltr'>annualem</span> 
     </span>
     <span class='ocr_line' id='line_1_24' title="bbox 450 2979 1659 3080; baseline -0.003 -24"><span class='ocrx_word' id='word_1_167' title='bbox 450 2985 632 3058; x_wconf 89' lang='lat' dir='ltr'>redditum</span> <span class='ocrx_word' id='word_1_168' title='bbox 656 2981 834 3057; x_wconf 91' lang='lat' dir='ltr'>dictorum</span> <span class='ocrx_word' id='word_1_169' title='bbox 851 2981 963 3054; x_wconf 88' lang='lat' dir='ltr'>trium</span> <span class='ocrx_word' id='word_1_170' title='bbox 980 2979 1178 3055; x_wconf 89' lang='lat' dir='ltr'>solidorum</span> <span class='ocrx_word' id='word_1_171' title='bbox 1202 2997 1318 3055; x_wconf 87' lang='lat' dir='ltr'>aretro</span> <span class='ocrx_word' id='word_1_172' title='bbox 1335 2980 1411 3055; x_wconf 86' lang='lat' dir='ltr'>fore</span> <span class='ocrx_word' id='word_1_173' title='bbox 1436 2983 1585 3080; x_wconf 84' lang='lat' dir='ltr'>imparte</span> <span class='ocrx_word' id='word_1_174' title='bbox 1603 2983 1659 3054; x_wconf 89' lang='lat' dir='ltr'>vel</span> 
     </span>
     <span class='ocr_line' id='line_1_25' title="bbox 448 3081 1659 3183; baseline -0.003 -25"><span class='ocrx_word' id='word_1_175' title='bbox 448 3086 486 3158; x_wconf 92' lang='lat' dir='ltr'>in</span> <span class='ocrx_word' id='word_1_176' title='bbox 512 3101 592 3158; x_wconf 91' lang='lat' dir='ltr'>toto</span> <span class='ocrx_word' id='word_1_177' title='bbox 611 3083 731 3183; x_wconf 88' lang='lat' dir='ltr'>aliquo</span> <span class='ocrx_word' id='word_1_178' title='bbox 750 3107 846 3156; x_wconf 86' lang='lat' dir='ltr'>anno</span> <span class='ocrx_word' id='word_1_179' title='bbox 871 3097 952 3180; x_wconf 87' lang='lat' dir='ltr'>post</span> <span class='ocrx_word' id='word_1_180' title='bbox 976 3081 1131 3183; x_wconf 90' lang='lat' dir='ltr'>aliquem</span> <span class='ocrx_word' id='word_1_181' title='bbox 1148 3082 1230 3156; x_wconf 91' lang='lat' dir='ltr'>inde</span> <span class='ocrx_word' id='word_1_182' title='bbox 1256 3084 1448 3158; x_wconf 91' lang='lat' dir='ltr'>terminum</span> <span class='ocrx_word' id='word_1_183' title='bbox 1470 3083 1659 3156; x_wconf 86' lang='lat' dir='ltr'>solucionis</span> 
     </span>
     <span class='ocr_line' id='line_1_26' title="bbox 450 3181 1660 3284; baseline -0.001 -27"><span class='ocrx_word' id='word_1_184' title='bbox 450 3183 751 3284; x_wconf 86' lang='lat' dir='ltr'>prenominatum,</span> <span class='ocrx_word' id='word_1_185' title='bbox 778 3199 908 3256; x_wconf 85' lang='lat' dir='ltr'>extunc</span> <span class='ocrx_word' id='word_1_186' title='bbox 933 3181 1022 3256; x_wconf 90' lang='lat' dir='ltr'>bene</span> <span class='ocrx_word' id='word_1_187' title='bbox 1047 3184 1147 3256; x_wconf 76' lang='lat' dir='ltr'>liceat</span> <span class='ocrx_word' id='word_1_188' title='bbox 1173 3182 1275 3256; x_wconf 90' lang='lat' dir='ltr'>nobis</span> <span class='ocrx_word' id='word_1_189' title='bbox 1300 3183 1405 3257; x_wconf 89' lang='lat' dir='ltr'>dictis</span> <span class='ocrx_word' id='word_1_190' title='bbox 1432 3184 1575 3258; x_wconf 87' lang='lat' dir='ltr'>Thome</span> <span class='ocrx_word' id='word_1_191' title='bbox 1604 3199 1660 3257; x_wconf 89' lang='lat' dir='ltr'>ate</span> 
     </span>
     <span class='ocr_line' id='line_1_27' title="bbox 450 3283 1660 3384; baseline -0.003 -24"><span class='ocrx_word' id='word_1_192' title='bbox 450 3285 612 3361; x_wconf 89' lang='lat' dir='ltr'>Crouche</span> <span class='ocrx_word' id='word_1_193' title='bbox 629 3300 665 3357; x_wconf 88' lang='lat' dir='ltr'>et</span> <span class='ocrx_word' id='word_1_194' title='bbox 680 3285 855 3378; x_wconf 88' lang='lat' dir='ltr'>Johanne‚</span> <span class='ocrx_word' id='word_1_195' title='bbox 873 3283 975 3356; x_wconf 84' lang='lat' dir='ltr'>uxori</span> <span class='ocrx_word' id='word_1_196' title='bbox 994 3308 1082 3375; x_wconf 88' lang='lat' dir='ltr'>mee,</span> <span class='ocrx_word' id='word_1_197' title='bbox 1110 3283 1296 3358; x_wconf 86' lang='lat' dir='ltr'>heredibus</span> <span class='ocrx_word' id='word_1_198' title='bbox 1320 3301 1357 3358; x_wconf 91' lang='lat' dir='ltr'>et</span> <span class='ocrx_word' id='word_1_199' title='bbox 1382 3285 1566 3384; x_wconf 86' lang='lat' dir='ltr'>assignatis</span> <span class='ocrx_word' id='word_1_200' title='bbox 1590 3285 1660 3357; x_wconf 90' lang='lat' dir='ltr'>mci</span> 
     </span>
     <span class='ocr_line' id='line_1_28' title="bbox 450 3383 1662 3486; baseline -0.001 -27"><span class='ocrx_word' id='word_1_201' title='bbox 450 3387 598 3486; x_wconf 85' lang='lat' dir='ltr'>predicti</span> <span class='ocrx_word' id='word_1_202' title='bbox 632 3386 776 3459; x_wconf 93' lang='lat' dir='ltr'>Thome</span> <span class='ocrx_word' id='word_1_203' title='bbox 802 3385 837 3456; x_wconf 92' lang='lat' dir='ltr'>in</span> <span class='ocrx_word' id='word_1_204' title='bbox 864 3383 1024 3482; x_wconf 88' lang='lat' dir='ltr'>predicto</span> <span class='ocrx_word' id='word_1_205' title='bbox 1054 3401 1258 3458; x_wconf 90' lang='lat' dir='ltr'>tenemento</span> <span class='ocrx_word' id='word_1_206' title='bbox 1284 3411 1365 3460; x_wconf 91' lang='lat' dir='ltr'>cum</span> <span class='ocrx_word' id='word_1_207' title='bbox 1395 3387 1562 3459; x_wconf 89' lang='lat' dir='ltr'>omnibus</span> <span class='ocrx_word' id='word_1_208' title='bbox 1589 3386 1662 3459; x_wconf 90' lang='lat' dir='ltr'>suis</span> 
     </span>
     <span class='ocr_line' id='line_1_29' title="bbox 450 3484 1663 3588; baseline 0 -28"><span class='ocrx_word' id='word_1_209' title='bbox 450 3485 675 3588; x_wconf 86' lang='lat' dir='ltr'>pertinenciis</span> <span class='ocrx_word' id='word_1_210' title='bbox 700 3484 920 3584; x_wconf 86' lang='lat' dir='ltr'>distringere,</span> <span class='ocrx_word' id='word_1_211' title='bbox 937 3501 973 3556; x_wconf 89' lang='lat' dir='ltr'>et</span> <span class='ocrx_word' id='word_1_212' title='bbox 991 3485 1232 3559; x_wconf 89' lang='lat' dir='ltr'>districciones</span> <span class='ocrx_word' id='word_1_213' title='bbox 1257 3503 1435 3584; x_wconf 89' lang='lat' dir='ltr'>asportare</span> <span class='ocrx_word' id='word_1_214' title='bbox 1452 3505 1487 3560; x_wconf 93' lang='lat' dir='ltr'>et</span> <span class='ocrx_word' id='word_1_215' title='bbox 1512 3487 1663 3560; x_wconf 86' lang='lat' dir='ltr'>retinere</span> 
     </span>
     <span class='ocr_line' id='line_1_30' title="bbox 449 3585 1661 3686; baseline -0.002 -24"><span class='ocrx_word' id='word_1_216' title='bbox 449 3589 563 3662; x_wconf 93' lang='lat' dir='ltr'>donec</span> <span class='ocrx_word' id='word_1_217' title='bbox 600 3586 645 3659; x_wconf 89' lang='lat' dir='ltr'>de</span> <span class='ocrx_word' id='word_1_218' title='bbox 679 3585 841 3683; x_wconf 84' lang='lat' dir='ltr'>predicto</span> <span class='ocrx_word' id='word_1_219' title='bbox 875 3585 1019 3659; x_wconf 86' lang='lat' dir='ltr'>redditu</span> <span class='ocrx_word' id='word_1_220' title='bbox 1054 3587 1103 3658; x_wconf 87' lang='lat' dir='ltr'>sic</span> <span class='ocrx_word' id='word_1_221' title='bbox 1145 3603 1260 3660; x_wconf 88' lang='lat' dir='ltr'>aretro</span> <span class='ocrx_word' id='word_1_222' title='bbox 1293 3587 1467 3662; x_wconf 83' lang='lat' dir='ltr'>existente</span> <span class='ocrx_word' id='word_1_223' title='bbox 1508 3589 1661 3686; x_wconf 86' lang='lat' dir='ltr'>plenarie</span> 
     </span>
     <span class='ocr_line' id='line_1_31' title="bbox 449 3686 1661 3785; baseline -0.001 -22"><span class='ocrx_word' id='word_1_224' title='bbox 449 3686 692 3774; x_wconf 67' lang='lat' dir='ltr'>satisfactum</span> <span class='ocrx_word' id='word_1_225' title='bbox 733 3701 770 3758; x_wconf 91' lang='lat' dir='ltr'>ct</span> <span class='ocrx_word' id='word_1_226' title='bbox 804 3687 833 3758; x_wconf 91' lang='lat' dir='ltr'>si</span> <span class='ocrx_word' id='word_1_227' title='bbox 868 3686 1051 3785; x_wconf 83' lang='lat' dir='ltr'>contingat</span> <span class='ocrx_word' id='word_1_228' title='bbox 1093 3687 1229 3760; x_wconf 92' lang='lat' dir='ltr'>dictum</span> <span class='ocrx_word' id='word_1_229' title='bbox 1263 3689 1448 3762; x_wconf 87' lang='lat' dir='ltr'>annualem</span> <span class='ocrx_word' id='word_1_230' title='bbox 1482 3690 1661 3765; x_wconf 91' lang='lat' dir='ltr'>redditum</span> 
     </span>
     <span class='ocr_line' id='line_1_32' title="bbox 451 3785 1662 3890; baseline -0.002 -24"><span class='ocrx_word' id='word_1_231' title='bbox 451 3807 567 3866; x_wconf 87' lang='lat' dir='ltr'>aretro</span> <span class='ocrx_word' id='word_1_232' title='bbox 587 3787 664 3862; x_wconf 88' lang='lat' dir='ltr'>fore</span> <span class='ocrx_word' id='word_1_233' title='bbox 685 3787 720 3858; x_wconf 92' lang='lat' dir='ltr'>in</span> <span class='ocrx_word' id='word_1_234' title='bbox 747 3803 845 3884; x_wconf 85' lang='lat' dir='ltr'>parte</span> <span class='ocrx_word' id='word_1_235' title='bbox 871 3785 928 3860; x_wconf 87' lang='lat' dir='ltr'>vel</span> <span class='ocrx_word' id='word_1_236' title='bbox 951 3787 987 3858; x_wconf 96' lang='lat' dir='ltr'>in</span> <span class='ocrx_word' id='word_1_237' title='bbox 1013 3802 1093 3862; x_wconf 92' lang='lat' dir='ltr'>toto</span> <span class='ocrx_word' id='word_1_238' title='bbox 1113 3814 1175 3884; x_wconf 90' lang='lat' dir='ltr'>per</span> <span class='ocrx_word' id='word_1_239' title='bbox 1196 3814 1307 3861; x_wconf 91' lang='lat' dir='ltr'>unum</span> <span class='ocrx_word' id='word_1_240' title='bbox 1331 3815 1464 3863; x_wconf 89' lang='lat' dir='ltr'>annum</span> <span class='ocrx_word' id='word_1_241' title='bbox 1489 3806 1526 3863; x_wconf 90' lang='lat' dir='ltr'>et</span> <span class='ocrx_word' id='word_1_242' title='bbox 1548 3792 1662 3890; x_wconf 89' lang='lat' dir='ltr'>quad-</span> 
     </span>
     <span class='ocr_line' id='line_1_33' title="bbox 451 3887 1664 3991; baseline 0.002 -28"><span class='ocrx_word' id='word_1_243' title='bbox 451 3892 589 3991; x_wconf 86' lang='lat' dir='ltr'>raginta</span> <span class='ocrx_word' id='word_1_244' title='bbox 618 3888 702 3974; x_wconf 88' lang='lat' dir='ltr'>dies,</span> <span class='ocrx_word' id='word_1_245' title='bbox 740 3888 797 3960; x_wconf 90' lang='lat' dir='ltr'>vel</span> <span class='ocrx_word' id='word_1_246' title='bbox 831 3887 860 3960; x_wconf 89' lang='lat' dir='ltr'>si</span> <span class='ocrx_word' id='word_1_247' title='bbox 896 3903 1035 3960; x_wconf 88' lang='lat' dir='ltr'>vastum</span> <span class='ocrx_word' id='word_1_248' title='bbox 1061 3914 1122 3962; x_wconf 87' lang='lat' dir='ltr'>seu</span> <span class='ocrx_word' id='word_1_249' title='bbox 1155 3905 1453 3988; x_wconf 89' lang='lat' dir='ltr'>estrepamentum</span> <span class='ocrx_word' id='word_1_250' title='bbox 1487 3891 1533 3964; x_wconf 89' lang='lat' dir='ltr'>dc</span> <span class='ocrx_word' id='word_1_251' title='bbox 1565 3891 1664 3966; x_wconf 91' lang='lat' dir='ltr'>dicto</span> 
     </span>
     <span class='ocr_line' id='line_1_34' title="bbox 451 3986 1663 4077; baseline -0.002 -10"><span class='ocrx_word' id='word_1_252' title='bbox 451 4005 654 4067; x_wconf 88' lang='lat' dir='ltr'>tenemento</span> <span class='ocrx_word' id='word_1_253' title='bbox 687 3986 822 4062; x_wconf 89' lang='lat' dir='ltr'>facturn</span> <span class='ocrx_word' id='word_1_254' title='bbox 856 3986 974 4077; x_wconf 88' lang='lat' dir='ltr'>fuerit,</span> <span class='ocrx_word' id='word_1_255' title='bbox 1006 4005 1066 4062; x_wconf 89' lang='lat' dir='ltr'>aut</span> <span class='ocrx_word' id='word_1_256' title='bbox 1100 3991 1129 4063; x_wconf 90' lang='lat' dir='ltr'>si</span> <span class='ocrx_word' id='word_1_257' title='bbox 1164 3990 1258 4064; x_wconf 87' lang='lat' dir='ltr'>idern</span> <span class='ocrx_word' id='word_1_258' title='bbox 1288 4006 1531 4065; x_wconf 88' lang='lat' dir='ltr'>tenementum</span> <span class='ocrx_word' id='word_1_259' title='bbox 1565 4017 1663 4066; x_wconf 91' lang='lat' dir='ltr'>com-</span> 
     </span>
     <span class='ocr_line' id='line_1_35' title="bbox 452 4087 1664 4194; baseline 0 -27"><span class='ocrx_word' id='word_1_260' title='bbox 452 4109 613 4194; x_wconf 88' lang='lat' dir='ltr'>petenter</span> <span class='ocrx_word' id='word_1_261' title='bbox 639 4115 711 4162; x_wconf 95' lang='lat' dir='ltr'>non</span> <span class='ocrx_word' id='word_1_262' title='bbox 736 4087 844 4162; x_wconf 87' lang='lat' dir='ltr'>fuerit</span> <span class='ocrx_word' id='word_1_263' title='bbox 874 4106 1122 4179; x_wconf 88' lang='lat' dir='ltr'>sustentatum,</span> <span class='ocrx_word' id='word_1_264' title='bbox 1152 4107 1281 4166; x_wconf 77' lang='lat' dir='ltr'>extunc</span> <span class='ocrx_word' id='word_1_265' title='bbox 1312 4092 1398 4166; x_wconf 91' lang='lat' dir='ltr'>bene</span> <span class='ocrx_word' id='word_1_266' title='bbox 1432 4093 1533 4167; x_wconf 84' lang='lat' dir='ltr'>liceat</span> <span class='ocrx_word' id='word_1_267' title='bbox 1563 4094 1664 4167; x_wconf 87' lang='lat' dir='ltr'>nobis</span> 
     </span>
     <span class='ocr_line' id='line_1_36' title="bbox 452 4190 1664 4284; baseline -0.001 -14"><span class='ocrx_word' id='word_1_268' title='bbox 452 4193 556 4270; x_wconf 89' lang='lat' dir='ltr'>dictis</span> <span class='ocrx_word' id='word_1_269' title='bbox 569 4192 711 4265; x_wconf 86' lang='lat' dir='ltr'>Thome</span> <span class='ocrx_word' id='word_1_270' title='bbox 721 4207 777 4263; x_wconf 89' lang='lat' dir='ltr'>ate</span> <span class='ocrx_word' id='word_1_271' title='bbox 794 4190 954 4264; x_wconf 90' lang='lat' dir='ltr'>Crouche</span> <span class='ocrx_word' id='word_1_272' title='bbox 967 4208 1002 4263; x_wconf 89' lang='lat' dir='ltr'>et</span> <span class='ocrx_word' id='word_1_273' title='bbox 1018 4191 1190 4284; x_wconf 82' lang='lat' dir='ltr'>johanne,</span> <span class='ocrx_word' id='word_1_274' title='bbox 1205 4195 1307 4267; x_wconf 88' lang='lat' dir='ltr'>uxori</span> <span class='ocrx_word' id='word_1_275' title='bbox 1322 4219 1409 4282; x_wconf 87' lang='lat' dir='ltr'>mee,</span> <span class='ocrx_word' id='word_1_276' title='bbox 1423 4195 1611 4269; x_wconf 87' lang='lat' dir='ltr'>heredibus</span> <span class='ocrx_word' id='word_1_277' title='bbox 1627 4213 1664 4269; x_wconf 93' lang='lat' dir='ltr'>et</span> 
     </span>
    </p>
   </div>
   <div class='ocr_carea' id='block_1_4' title="bbox 882 4327 1210 4392">
    <p class='ocr_par' dir='ltr' id='par_1_4' title="bbox 882 4327 1210 4392">
     <span class='ocr_line' id='line_1_37' title="bbox 882 4327 1210 4392; baseline -0.006 -2"><span class='ocrx_word' id='word_1_278' title='bbox 882 4327 899 4362; x_wconf 79' lang='lat'><em>*</em></span> <span class='ocrx_word' id='word_1_279' title='bbox 909 4328 978 4390; x_wconf 84' lang='lat' dir='ltr'>Lest</span> <span class='ocrx_word' id='word_1_280' title='bbox 993 4329 1080 4390; x_wconf 83' lang='lat' dir='ltr'>blank</span> <span class='ocrx_word' id='word_1_281' title='bbox 1095 4329 1125 4388; x_wconf 90' lang='lat' dir='ltr'>iu</span> <span class='ocrx_word' id='word_1_282' title='bbox 1142 4329 1210 4392; x_wconf 85' lang='lat' dir='ltr'>MS.</span> 
     </span>
    </p>
   </div>
   <div class='ocr_carea' id='block_1_5' title="bbox 0 0 1877 5256">
    <p class='ocr_par' dir='ltr' id='par_1_5' title="bbox 0 0 1877 5256">
     <span class='ocr_line' id='line_1_38' title="bbox 0 0 1877 5256; baseline 0 0"><span class='ocrx_word' id='word_1_283' title='bbox 0 0 1877 5256; x_wconf 95' lang='lat' dir='ltr'> </span> 
     </span>
    </p>
   </div>
  </div>
 </body>
</html>
