3738 5304
467 465 540 538 304
828 443 1007 518 novun
1034 441 1313 518 curatores

463 671 608 746 quoque
634 644 754 734 modo,
772 643 904 718 eisdem
936 643 1079 733 Maon,
1109 644 1257 733 Ballivo,
1274 659 1310 724 et
1333 643 1589 719 Communitati
1608 668 1671 742 per

462 761 639 847 presentes
665 743 792 820 damus
817 761 852 818 et
873 667 1099 818 concedimus
1125 745 1254 844 absque
1282 745 1401 846 aliquo
1425 761 1593 844 compoto
1609 770 1671 817 seu

463 848 582 948 aliquo
615 845 684 919 alio
717 845 818 919 nobis
860 861 922 918 aut
963 844 1154 918 heredibus
1196 845 1325 921 nostris
1367 847 1450 920 inde
1492 845 1672 932 reddend',

462 945 700 1037 solvend’,vel
712 944 876 1019 faciend’:
904 946 963 1020 Ετ
984 971 1174 1020 uncturus
1188 947 1434 1046 perdonamus,
1446 947 1672 1034 remittimus,

462 1067 498 1123 et
515 1051 708 1122 relaxamus
734 1072 797 1146 per
823 1063 1001 1145 presentes
1023 1047 1156 1122 eisdem
1175 1048 1321 1148 Majori,
1340 1047 1489 1139 Ballivo,
1506 1065 1543 1121 et
1559 1049 1672 1122 Com-

463 1149 629 1224 munitati
663 1148 886 1222 omnimodas
915 1147 1138 1237 donaciones,
1167 1148 1407 1237 alienaciones,
1436 1166 1473 1222 et
1499 1148 1671 1248 perquisi-

462 1252 580 1325 ciones
597 1275 659 1350 per
676 1251 770 1348 ipsos
789 1248 978 1350 Majorem,
1001 1246 1190 1338 Ballivum,
1213 1265 1249 1322 et
1276 1250 1591 1340 communitatem,
1608 1267 1671 1323 aut

462 1377 525 1452 per
551 1351 703 1451 aliquam
729 1351 831 1424 aliam
858 1374 1055 1448 personam,
1082 1349 1156 1422 sive
1182 1349 1317 1449 aliquas
1334 1351 1417 1424 alias
1433 1375 1609 1450 personas,
1627 1351 1672 1423 de

462 1455 565 1527 terris
581 1468 617 1525 et
635 1451 855 1542 tenementis,
874 1450 1159 1524 hereditamentis
1178 1465 1214 1524 et
1234 1451 1510 1549 possessionibus
1526 1451 1673 1551 quibus-

462 1580 614 1670 cumque
636 1551 731 1627 unde
758 1551 865 1626 iidem
898 1551 1030 1651 Major,
1058 1551 1226 1640 Ballivus,
1260 1567 1296 1625 et
1331 1553 1578 1627 Communitas
1605 1551 1671 1625 soli

460 1655 568 1730 seisitr
595 1655 761 1742 existunt,
781 1651 838 1726 vel
865 1651 1083 1753 conjunctim
1110 1653 1215 1726 simul
1239 1652 1420 1742 eumalio,
1438 1653 1493 1726 vel
1511 1651 1597 1742 aliis,
1614 1653 1671 1726 vel

461 1755 506 1829 ali
532 1757 586 1830 uis
614 1755 714 1844 alius,
744 1771 807 1828 aut
836 1754 943 1854 aliqui
974 1753 1044 1841 alii,
1075 1754 1118 1827 ad
1149 1779 1252 1828 usum
1282 1755 1477 1828 eorundem
1509 1754 1672 1853 Majoris,

463 1859 494 1930 B
540 1857 600 1945 ivi,
618 1872 654 1930 et
672 1854 947 1929 Communitatis
972 1855 1112 1928 seisitus
1138 1856 1270 1944 existit,
1293 1854 1351 1927 vel
1376 1855 1484 1929 scisiti
1506 1855 1672 1943 existunt,

462 1959 507 2031 de
525 1956 638 2045 nobis,
655 1973 717 2029 aut
734 1955 853 2054 aliquo
873 1954 1145 2056 progenitorum
1172 1971 1389 2044 nostrorum,
1415 1956 1451 2029 in
1477 1955 1590 2053 capite
1615 1955 1673 2029 vel

463 2060 563 2132 aliter
579 2057 686 2131 tentis
708 2082 771 2172 per
793 2081 1052 2155 quamcumque
1075 2081 1259 2154 personam
1277 2083 1316 2130 ac
1333 2081 1571 2157 quascumque
1592 2081 1674 2156 per-

462 2185 574 2248 sonas,
591 2158 827 2232 antedictum
845 2155 939 2230 diem
957 2154 1066 2230 factas
1081 2173 1118 2231 et
1140 2156 1286 2246 habitas,
1304 2157 1446 2232 licencia
1464 2157 1574 2257 Regia
1590 2158 1673 2231 inde

465 2286 535 2333 non
565 2259 734 2332 obtenta:
773 2259 831 2329 Ac
860 2257 1105 2356 percepciones
1139 2259 1359 2358 recepciones
1393 2259 1511 2332 exitus
1547 2283 1674 2332 reven-

463 2361 590 2448 eiones,
619 2375 655 2432 et
689 2356 846 2458 proficua
874 2359 1068 2433 eorundem
1105 2375 1287 2449 terrarum,
1313 2376 1610 2448 tenementorum,
1636 2376 1672 2432 et

463 2461 832 2548 hereditamentorum,
855 2475 891 2531 et
917 2459 1187 2557 possessionum,
1214 2477 1250 2534 et
1275 2459 1460 2534 cu‘uslibet
1486 2459 1569 2534 inde
1592 2485 1673 2558 par-

463 2561 558 2650 celle,
591 2577 672 2634 ante
702 2559 902 2659 predictum
940 2560 1034 2633 diem
1069 2557 1177 2634 factas
1208 2561 1282 2633 sive
1314 2485 1474 2636 latitas:
1519 2561 1671 2634 Necnon

462 2663 583 2737 eadem
600 2662 717 2735 exitus
733 2660 892 2760 proficua
908 2675 943 2733 et
960 2661 1185 2734 revenciones
1199 2662 1330 2735 eisdem
1357 2662 1504 2762 Majori,
1523 2661 1671 2750 Ballivo,

462 2779 499 2838 et
517 2763 777 2837 Communitati
794 2762 920 2836 damus
936 2777 972 2835 et
985 2761 1210 2835 concedimus
1226 2786 1288 2861 per
1314 2778 1495 2862 presentes
1519 2760 1671 2836 habend’

462 2891 505 2938 ex
532 2864 630 2939 dono
658 2879 781 2938 nostro
806 2862 935 2962 absque
963 2879 1132 2963 compoto
1158 2863 1214 2935 vel
1235 2862 1354 2962 aliquo
1371 2864 1440 2938 alio
1456 2889 1523 2962 pro
1539 2863 1671 2938 eisdem

462 2992 523 3039 seu
552 2992 676 3039 eorum
707 2963 826 3064 aliquo
855 2963 956 3036 nobis
991 2963 1170 3052 reddend’,
1205 2965 1377 3054 solvend',
1415 2965 1471 3038 vel
1510 2963 1668 3040 faciend'.

465 3068 740 3141 Pruoorannrus
755 3064 865 3138 eciam
882 3062 1097 3138 remittimus
1114 3081 1150 3137 et
1172 3063 1365 3138 relaxamus
1377 3065 1508 3138 eisdem
1524 3065 1671 3164 Majori,

464 3169 613 3256 Ballivo,
629 3185 665 3241 et
684 3164 943 3239 Communitati
961 3190 1084 3239 omnes
1100 3181 1135 3238 et
1153 3164 1376 3240 omnimodas
1396 3164 1670 3255 benevolentias,

461 3284 497 3340 et
514 3293 637 3342 omnes
654 3284 689 3340 et
711 3266 934 3340 omnimodas
960 3267 1189 3363 pecuniarum
1217 3290 1371 3340 summas
1398 3266 1540 3341 nomine
1567 3265 1671 3339 bene-

464 3369 631 3456 volencie,
674 3367 854 3440 carissimo
886 3367 976 3464 patri
1006 3383 1131 3441 nostro
1160 3391 1271 3465 nuper
1306 3367 1394 3468 Regi
1420 3366 1564 3467 Anglie,
1599 3367 1666 3442 .H.

461 3469 630 3567 Septimo,
648 3485 711 3542 aut
728 3467 804 3540 aliis
819 3466 1105 3567 progenitoribus
1126 3467 1252 3542 nostris
1267 3467 1342 3541 sive
1359 3467 1671 3566 predecessoribus,

462 3595 524 3669 per
554 3569 649 3668 ipsos
680 3567 869 3669 Majorem,
898 3568 1085 3658 Ballivum,
1102 3584 1138 3641 et
1164 3568 1477 3659 Communitatem,
1507 3570 1581 3643 sive
1608 3594 1669 3669 per

460 3671 613 3771 aliquem
631 3685 887 3744 antecessorum
904 3695 1062 3759 suorum,
1077 3695 1138 3743 seu
1155 3694 1217 3767 per
1234 3669 1384 3770 aliquem
1398 3671 1519 3761 alium,
1532 3669 1591 3742 vel
1608 3694 1669 3768 per

461 3772 505 3845 ali
532 3795 613 3844 uem
630 3785 847 3860 testatorem,
864 3771 938 3843 sive
958 3771 1093 3870 aliquos
1112 3786 1297 3845 testatores
1321 3771 1479 3869 ipsorum
1505 3769 1669 3872 Majoris,

462 3876 492 3947 B
540 3873 599 3960 'vi,
616 3888 652 3946 et
669 3872 955 3959 Communitatis,
969 3872 1042 3946 sive
1054 3896 1117 3970 per
1129 3871 1280 3970 aliquem
1294 3872 1401 3946 alium
1414 3871 1667 3948 obintestatutn

461 3974 701 4062 decedentem,
736 3971 836 4145 cu'qus
869 3971 1045 4046 bonorum
1084 3989 1120 4046 et
1164 3972 1368 4046 catellorum
1405 3971 1668 4046 administracio

461 4074 593 4151 eisdem
611 4073 759 4162 Ma'ori,
802 4072 922 4162 allivo,
933 4089 969 4147 et
986 4073 1245 4148 Communitati
1256 4072 1426 4148 commisa
1438 4071 1521 4166 fuit,
1534 4091 1571 4148 et
1584 4099 1669 4148 con-

462 4201 564 4267 cessa,
578 4191 614 4250 et
629 4099 730 4249 nobis
742 4175 869 4274 quovis
882 4175 992 4248 modo
1003 4175 1139 4250 debitas
1154 4201 1162 4246 ε
1190 4177 1246 4247 Ac
1259 4199 1381 4248 omnes
1398 4191 1435 4248 et
1447 4174 1668 4250 omnimodas

460 4278 613 4352 decimas
651 4293 686 4350 et
722 4277 861 4376 quintas
896 4275 1061 4364 decimas,
1095 4275 1223 4349 auxilia
1261 4275 1425 4366 subsidia,
1451 4277 1560 4376 dupla
1584 4275 1668 4348 sub-
