3724 5256
450 451 521 522 206
802 447 983 524 DOVER
1010 449 1288 526 CHARTERS

942 646 1034 725 Lx
1045 646 1086 725 V
1099 649 1116 726 l
1132 649 1163 726 Ι.

744 820 837 886 xxix
858 819 1092 903 Septembris,
1112 835 1151 888 21
1177 821 1267 889 Heu.
1291 823 1352 889 Vl.

451 972 559 1072 [Hac
588 974 775 1048 indentura
804 971 896 1048 facta
925 975 1033 1074 inter]
1069 975 1257 1051 dominum
1291 978 1489 1076 Johannem
1519 977 1657 1066 wellis,

447 1073 657 1174 magistrum
690 1074 873 1176 hospitalis
914 1075 1045 1152 domus
1087 1078 1144 1152 dei
1187 1080 1351 1153 Dovorre
1385 1095 1421 1154 et
1464 1079 1658 1154 confratres

447 1175 604 1275 ejusdem
622 1176 751 1249 domus
767 1202 810 1250 cx
827 1194 923 1274 parte
941 1204 1021 1268 una,
1039 1193 1075 1252 et
1093 1179 1292 1273 Johannem
1310 1183 1412 1272 Gate‚
1430 1182 1475 1256 de
1492 1180 1657 1279 parochia

446 1276 491 1350 de
508 1275 681 1450 Cffrede
697 1302 740 1351 cx
757 1277 882 1376 altera]
901 1295 1008 1376 parte,
1028 1296 1189 1368 testatur,
1207 1281 1306 1380 quod
1323 1281 1470 1380 predicti
1491 1282 1657 1380 magister

444 1393 481 1450 et
505 1402 548 1450 co
589 1393 698 1450 ratres
720 1403 764 1451 cx
788 1403 911 1452 eorum
929 1381 1085 1454 unanimi
1115 1406 1255 1454 assensu
1272 1383 1400 1480 pariter
1424 1397 1460 1456 et
1485 1408 1656 1457 consensu

445 1495 689 1554 concesserunt
718 1479 940 1554 tradiderunt
965 1497 1001 1556 et
1029 1482 1072 1556 ad
1098 1481 1235 1556 firmam
1262 1483 1473 1558 dimiserunt
1499 1484 1662 1582 predicto

443 1579 609 1673 Johanni,
627 1595 710 1654 octo
726 1605 820 1654 acras
837 1597 873 1654 et
889 1598 960 1656 tres
979 1583 1083 1657 rodas
1103 1584 1214 1683 [terre
1227 1609 1307 1658 cum
1326 1585 1569 1683 perti]nenciis
1585 1585 1657 1659 suis

446 1679 594 1755 'scentes
618 1679 655 1754 in
673 1681 836 1780 parochia
856 1682 902 1755 de
927 1683 1090 1774 Colrede,
1108 1685 1203 1759 unde
1227 1685 1298 1759 due
1323 1710 1400 1758 acre
1426 1701 1517 1759 terre
1537 1685 1655 1787 jacent

560 1781 714 1857 hitowne
739 1782 926 1857 latitudine
950 1785 994 1858 ad
1021 1801 1150 1858 terram
1177 1784 1323 1859 Roberti
1341 1786 1396 1859 Po
1437 1787 1505 1860 ohe
1529 1787 1655 1874 sowth,

444 1898 480 1957 et
500 1899 628 1957 terram
651 1883 811 1984 magistri
835 1885 954 1974 north,
974 1886 1165 1983 capitantes
1181 1888 1361 1961 communi
1385 1811 1490 1962 dfofe
1508 1903 1581 1962 east
1601 1889 1654 1987 [et

445 1983 551 2057 north
567 2008 578 2071 ;
604 1985 657 2083 et]
678 1984 747 2058 due
764 2011 840 2058 acre
856 2003 948 2059 terre
960 1985 1078 2088 jacent
1095 1989 1188 2085 apud
1200 1988 1392 2087 Cowtheyc
1408 1988 1593 2063 latitudine
1610 1989 1656 2063 ad

443 2101 573 2158 terram
600 2085 775 2159 Willelmi
805 2087 956 2186 Cowper
984 2088 1092 2176 easth
1122 2103 1158 2162 et
1187 2105 1316 2162 terram
1344 2089 1500 2188 magistri
1531 2089 1653 2178 westh,

443 2185 633 2284 capitantes
658 2187 839 2261 communi
864 2185 967 2261 drofe
992 2190 1131 2277 sowth3
1157 2205 1192 2264 et
1216 2189 1287 2264 due
1314 2216 1391 2264 acre
1411 2190 1531 2290 jacent
1550 2191 1655 2291 juxta

446 2342 490 2361 ..
521 2344 529 2359 .
555 2287 669 2362 sowth
701 2288 753 2387 [et
781 2287 884 2386 west]
917 2288 961 2362 ad
991 2306 1120 2363 terram
1147 2291 1307 2392 magistri
1336 2292 1451 2366 sowth
1478 2307 1514 2365 et
1544 2292 1652 2383 caath,

443 2387 671 2488 capitant[es]
700 2387 880 2462 communi
910 2388 1013 2465 drofe
1037 2391 1179 2480 sowth3
1204 2407 1242 2464 et
1266 2391 1423 2491 quinque
1448 2392 1536 2466 rode
1561 2408 1655 2467 terre

436 2489 557 2589 jacent
573 2489 665 2588 apud
684 2487 951 2588 boverystowne
966 2491 1154 2566 latitudine
1171 2492 1214 2566 ad
1232 2507 1361 2566 terram
1378 2492 1536 2593 magistri
1555 2511 1652 2586 west,

441 2606 477 2663 et
487 2589 660 2664 Willelmi
671 2591 820 2690 Cowper
837 2607 920 2681 east,
934 2592 1124 2691 capitantes
1135 2593 1179 2668 ad
1194 2594 1225 2667 R
1271 2593 1340 2668 'am
1350 2595 1500 2668 Stratam
1518 2595 1624 2668 north
1641 2619 1652 2684 ;

442 2706 478 2763 et
501 2716 571 2764 una
592 2715 669 2765 acra
693 2708 785 2765 terre
805 2692 924 2793 jacens
946 2695 1040 2793 apud
1064 2694 1234 2769 Crowche
1268 2695 1441 2768 atitudine
1461 2695 1504 2768 ad
1523 2712 1651 2770 terram

442 2790 614 2866 Willelmi
645 2793 809 2890 Poysohe
838 2809 935 2882 west,
964 2811 1001 2868 et
1030 2812 1160 2870 terram
1190 2795 1347 2896 magistri
1382 2812 1464 2885 east,
1497 2822 1536 2870 ca
1561 2797 1651 2871 'tans

441 2893 622 2967 communi
649 2891 805 2968 forstalle
838 2895 971 2984 north;
1006 2912 1044 2969 et
1069 2913 1140 2970 tres
1162 2897 1249 2972 rode
1283 2913 1376 2971 terre
1396 2896 1514 2998 jacent
1536 2821 1649 2998 fipud

442 2992 675 3092 Crowthe]ye
699 2993 887 3070 latitudine
911 2996 956 3069 ad
982 3012 1112 3070 terram
1137 2998 1280 3072 Thome
1307 2998 1460 3072 Bakarre
1485 3014 1582 3087 west,
1613 3016 1650 3074 et

440 3110 568 3167 terram
611 3094 770 3195 magistri
812 3113 895 3187 east,
939 3099 1129 3196 capitantes
1169 3098 1214 3171 ad
1265 3097 1466 3196 Bromfelde
1507 3099 1646 3173 sowth:

441 3193 590 3269 habend’
616 3197 811 3276 ettenend’
828 3197 1001 3295 predictas
1017 3215 1100 3274 octo
1116 3225 1210 3273 acras
1226 3215 1297 3272 tres
1317 3199 1420 3274 rodas
1437 3215 1529 3273 terre
1548 3201 1648 3299 [cum

438 3296 510 3369 suis
543 3296 798 3396 pertinenciis],
827 3299 982 3397 exceptis
1008 3299 1228 3374 libertatibus
1261 3315 1354 3374 carte
1388 3317 1505 3374 nostre
1539 3301 1646 3401 regie,

439 3397 601 3494 predicto
623 3398 777 3492 Johanni
804 3398 991 3474 heredibus
1014 3418 1050 3475 et
1070 3401 1252 3501 assignatis
1271 3402 1344 3474 suis
1365 3427 1385 3473 a
1409 3402 1515 3475 Festo
1531 3401 1646 3477 Sancti

440 3497 626 3572 Michaelis
667 3499 879 3601 Archangeli
922 3527 1032 3600 usque
1073 3503 1110 3575 in
1161 3502 1267 3576 finem
1309 3502 1431 3577 decem
1473 3528 1646 3577 annorum

438 3599 682 3696 proximorum
709 3601 931 3700 sequentium
973 3601 1092 3702 [plene
1129 3603 1433 3702 completorum]:
1477 3604 1648 3678 reddend’

436 3699 519 3775 inde
536 3701 715 3774 annuatim
729 3701 895 3800 predictis
911 3703 1080 3802 magistro
1092 3719 1128 3778 et
1144 3703 1377 3779 confratribus
1392 3721 1429 3778 et
1440 3706 1647 3780 successori-

437 3799 503 3874 bus
544 3803 617 3876 suis
650 3801 687 3876 in
720 3803 892 3901 hospitale
925 3805 1081 3903 predicta
1113 3806 1188 3880 duo
1220 3805 1395 3905 quarteria
1429 3805 1529 3881 ordei
1562 3833 1643 3880 cum

436 3901 575 3978 duobus
598 3903 760 3978 bustellis
786 3904 883 3979 ordei
902 3906 1082 4005 p[erpetui
1109 3905 1270 3980 redditus
1285 3906 1445 3980 solvend’
1462 3907 1514 4008 in]
1537 3908 1644 3982 Festo

438 4002 697 4079 Purificacionis
714 4003 812 4079 beate
834 4005 974 4080 Marie:
1002 4023 1038 4080 et
1058 4006 1087 4079 si
1104 4008 1286 4107 contingat
1306 4007 1437 4081 dictam
1457 4009 1641 4083 annualem

435 4104 573 4178 firmam
590 4107 634 4180 ad
653 4106 845 4180 terminum
862 4107 1061 4205 predictum
1079 4107 1229 4182 durante
1253 4108 1408 4182 termino
1424 4109 1583 4206 predicto
1606 4111 1642 4182 in

434 4222 533 4304 parte
558 4205 617 4282 vel
635 4204 706 4307 [in]
730 4223 810 4281 toto
834 4223 951 4281 aretro
968 4207 1078 4309 [fore]
1103 4234 1175 4283 non
1200 4207 1381 4308 [solutum
1399 4226 1529 4285 extunc
1554 4209 1642 4284 bene

432 4305 569 4407 licebit]
586 4308 760 4408 magistro
775 4324 811 4382 et
832 4306 1067 4384 confratribus
1085 4325 1122 4384 et
1138 4309 1394 4385 successoribus
1413 4311 1485 4384 suis
1505 4330 1578 4387 tam
1603 4312 1640 4385 in
