3702 5256
464 442 535 534 398
821 438 1003 512 noves
1030 439 1309 516 CHARTERS

950 738 1172 820 exvlt.

815 913 1311 998 uffljdieMartitsElr'z.

463 1073 675 1145 Novsrrrrr
693 1071 847 1145 universi
864 1097 927 1172 per
944 1088 1122 1170 presentes
1141 1099 1209 1163 me,
1224 1072 1422 1146 Robertum
1438 1072 1672 1162 Wessenden,

462 1174 506 1247 de
524 1171 711 1271 Perochsra
728 1172 844 1247 Sancti
861 1173 1033 1268 Johannis
1051 1175 1208 1274 Baptiste
1225 1174 1262 1247 in
1279 1171 1397 1246 Insula
1416 1173 1608 1270 Than]ete‚
1633 1173 1671 1245 in

462 1273 647 1348 Comitatu
665 1273 810 1364 Kancie,
853 1299 969 1364 oman,
988 1275 1099 1349 teneri
1117 1292 1154 1349 ct
1171 1275 1319 1349 firmiter
1339 1274 1488 1375 obligari
1515 1275 1670 1367 Johanni

462 1375 692 1475 Sprawlynge
730 1373 776 1448 de
815 1301 1019 1450 darochia.
1073 1430 1083 1451 .
1136 1431 1145 1449 .
1174 1433 1183 1466 ,
1224 1375 1261 1449 in
1290 1375 1405 1449 insula
1433 1391 1471 1447 et
1500 1375 1670 1449 comitatu

461 1474 640 1574 predictis,
678 1499 824 1574 yoman,
855 1477 891 1549 in
921 1477 1044 1552 decem
1077 1475 1175 1551 libris
1203 1475 1326 1578 legalis
1355 1490 1497 1550 monete
1526 1475 1669 1575 Anglie,

461 1576 622 1650 solvend’
639 1575 755 1650 eidem
771 1575 924 1670 Johanni
943 1576 1199 1694 [Sprawlynge]
1216 1593 1279 1651 aut
1291 1602 1358 1650 suo
1370 1592 1467 1651 certo
1479 1591 1669 1666 attornat0,

461 1676 661 1766 heredibus,
685 1677 945 1768 executoribus,
971 1704 1034 1752 seu
1057 1676 1402 1754 administratoribus
1419 1677 1505 1766 suis,
1522 1679 1560 1750 in
1577 1676 1670 1752 festo

461 1777 586 1875 pasche
611 1778 776 1878 proximo
800 1775 927 1852 futuro
951 1794 1034 1878 post
1058 1779 1183 1854 datum
1208 1780 1428 1878 presencium
1456 1777 1666 1878 [adquam]

461 1878 607 1978 quidem
641 1876 856 1953 solucionem
891 1879 980 1954 bene
1012 1897 1049 1955 et
1084 1879 1234 1955 fideliter
1267 1878 1418 1954 faciend’
1453 1878 1575 1979 obligo
1611 1905 1668 1951 me

460 1978 616 2068 heredes,
642 1997 857 2070 executores,
881 1997 918 2054 et
943 1981 1245 2056 administratores
1270 2006 1370 2054 meos
1394 2005 1456 2080 per
1482 1997 1668 2079 presentes,

460 2078 577 2178 sigillo
601 2102 683 2154 mco
707 2081 873 2179 sigillato,

535 2180 670 2253 Datum
696 2181 865 2254 vicesimo
889 2197 1018 2280 quarto
1042 2182 1101 2256 die
1130 2184 1261 2256 mensis
1287 2180 1414 2254 Martii
1443 2205 1538 2254 anno
1565 2183 1668 2282 regni

461 2279 606 2353 domine
631 2297 750 2356 nostre
776 2280 997 2372 Elizabethe,
1022 2282 1080 2357 dei
1105 2283 1221 2383 gracia
1250 2282 1394 2383 Anglie,
1425 2281 1603 2372 ffiauncie,
1630 2299 1668 2357 et

460 2379 637 2455 Hibemie
663 2383 811 2483 Regius,
836 2382 936 2456 Fidei
963 2381 1180 2472 Defensoris,
1205 2400 1283 2473 etc,
1311 2381 1478 2458 secundo.

535 2481 605 2556 Per
621 2505 691 2574 me,
710 2481 907 2557 Robertum
930 2483 1163 2558 Wessenden.

536 2582 715 2658 Wrtnesse
734 2609 799 2673 me,
818 2585 916 2678 John
935 2584 1084 2659 Russell.
