<?xml version="1.0" encoding="UTF-8"?>
<!DOCTYPE html PUBLIC "-//W3C//DTD XHTML 1.0 Transitional//EN"
    "http://www.w3.org/TR/xhtml1/DTD/xhtml1-transitional.dtd">
<html xmlns="http://www.w3.org/1999/xhtml" xml:lang="en" lang="en">
 <head>
  <title>
</title>
<meta http-equiv="Content-Type" content="text/html;charset=utf-8" />
  <meta name='ocr-system' content='tesseract 3.04.00' />
  <meta name='ocr-capabilities' content='ocr_page ocr_carea ocr_par ocr_line ocrx_word'/>
</head>
<body>
  <div class='ocr_page' id='page_1' title='image "./doverchartersan01statgoog_0053.png"; bbox 0 0 3722 5278; ppageno 0'>
   <div class='ocr_carea' id='block_1_1' title="bbox 445 495 1281 573">
    <p class='ocr_par' dir='ltr' id='par_1_1' title="bbox 445 495 1281 573">
     <span class='ocr_line' id='line_1_1' title="bbox 445 495 1281 573; baseline -0.004 0"><span class='ocrx_word' id='word_1_1' title='bbox 445 501 487 573; x_wconf 86' lang='lat'>18</span> <span class='ocrx_word' id='word_1_2' title='bbox 800 495 977 572; x_wconf 90' lang='lat' dir='ltr'>DOVER</span> <span class='ocrx_word' id='word_1_3' title='bbox 1004 495 1281 573; x_wconf 87' lang='lat' dir='ltr'>CHARTERS</span> 
     </span>
    </p>
   </div>
   <div class='ocr_carea' id='block_1_2' title="bbox 841 797 1250 1056">
    <p class='ocr_par' dir='ltr' id='par_1_2' title="bbox 841 797 1250 1056">
     <span class='ocr_line' id='line_1_2' title="bbox 989 797 1095 880; baseline -0.019 0"><span class='ocrx_word' id='word_1_4' title='bbox 989 797 1036 880; x_wconf 83' lang='lat' dir='ltr'>X</span> <span class='ocrx_word' id='word_1_5' title='bbox 1051 797 1095 880; x_wconf 80' lang='grc' dir='ltr'>Ι.</span> 
     </span>
     <span class='ocr_line' id='line_1_3' title="bbox 841 923 1250 1056; baseline 0.002 -16"><span class='ocrx_word' id='word_1_6' title='bbox 841 969 888 1056; x_wconf 75' lang='lat' dir='ltr'>uu</span> <span class='ocrx_word' id='word_1_7' title='bbox 912 971 1013 1054; x_wconf 67' lang='lat' dir='ltr'>usu</span> <span class='ocrx_word' id='word_1_8' title='bbox 1035 985 1076 1041; x_wconf 80' lang='grc' dir='ltr'>ιο</span> <span class='ocrx_word' id='word_1_9' title='bbox 1096 923 1199 1042; x_wconf 67' lang='lat' dir='ltr'>sse.</span> <span class='ocrx_word' id='word_1_10' title='bbox 1222 971 1250 1041; x_wconf 88' lang='lat'>1.</span> 
     </span>
    </p>
   </div>
   <div class='ocr_carea' id='block_1_3' title="bbox 444 1128 1656 3050">
    <p class='ocr_par' dir='ltr' id='par_1_3' title="bbox 444 1128 1654 2240">
     <span class='ocr_line' id='line_1_4' title="bbox 444 1128 1652 1232; baseline -0.002 -24"><span class='ocrx_word' id='word_1_11' title='bbox 444 1131 671 1208; x_wconf 80' lang='lat' dir='ltr'>Eowaaous</span> <span class='ocrx_word' id='word_1_12' title='bbox 697 1129 754 1206; x_wconf 91' lang='lat' dir='ltr'>dci</span> <span class='ocrx_word' id='word_1_13' title='bbox 777 1128 894 1230; x_wconf 78' lang='lat' dir='ltr'>gracia</span> <span class='ocrx_word' id='word_1_14' title='bbox 911 1131 987 1204; x_wconf 86' lang='lat' dir='ltr'>Rex</span> <span class='ocrx_word' id='word_1_15' title='bbox 1003 1129 1147 1232; x_wconf 83' lang='lat' dir='ltr'>Anglie,</span> <span class='ocrx_word' id='word_1_16' title='bbox 1165 1130 1343 1206; x_wconf 77' lang='lat' dir='ltr'>Dominus</span> <span class='ocrx_word' id='word_1_17' title='bbox 1360 1129 1548 1222; x_wconf 83' lang='lat' dir='ltr'>Hibernis,</span> <span class='ocrx_word' id='word_1_18' title='bbox 1566 1132 1652 1206; x_wconf 87' lang='lat' dir='ltr'>Dux</span> 
     </span>
     <span class='ocr_line' id='line_1_5' title="bbox 445 1229 1654 1332; baseline -0.002 -24"><span class='ocrx_word' id='word_1_19' title='bbox 445 1230 655 1332; x_wconf 85' lang='lat' dir='ltr'>Aquitanis,</span> <span class='ocrx_word' id='word_1_20' title='bbox 682 1231 814 1306; x_wconf 91' lang='lat' dir='ltr'>dilecto</span> <span class='ocrx_word' id='word_1_21' title='bbox 839 1229 1008 1306; x_wconf 80' lang='lat' dir='ltr'><strong>servienti</strong></span> <span class='ocrx_word' id='word_1_22' title='bbox 1034 1232 1072 1305; x_wconf 94' lang='lat' dir='ltr'>in</span> <span class='ocrx_word' id='word_1_23' title='bbox 1100 1231 1258 1322; x_wconf 86' lang='lat' dir='ltr'>Christo,</span> <span class='ocrx_word' id='word_1_24' title='bbox 1285 1230 1419 1307; x_wconf 77' lang='lat' dir='ltr'>Abbati</span> <span class='ocrx_word' id='word_1_25' title='bbox 1441 1233 1487 1306; x_wconf 86' lang='lat' dir='ltr'>de</span> <span class='ocrx_word' id='word_1_26' title='bbox 1504 1231 1654 1306; x_wconf 84' lang='lat' dir='ltr'>ffavere-</span> 
     </span>
     <span class='ocr_line' id='line_1_6' title="bbox 444 1331 1652 1433; baseline -0.002 -25"><span class='ocrx_word' id='word_1_27' title='bbox 444 1332 760 1408; x_wconf 85' lang='lat' dir='ltr'>sham-Salutem.</span> <span class='ocrx_word' id='word_1_28' title='bbox 813 1332 908 1430; x_wconf 79' lang='lat' dir='ltr'>Quia</span> <span class='ocrx_word' id='word_1_29' title='bbox 935 1358 980 1406; x_wconf 85' lang='lat' dir='ltr'>ex</span> <span class='ocrx_word' id='word_1_30' title='bbox 1007 1331 1149 1433; x_wconf 87' lang='lat' dir='ltr'>querela</span> <span class='ocrx_word' id='word_1_31' title='bbox 1173 1334 1354 1408; x_wconf 87' lang='lat' dir='ltr'>Baronum</span> <span class='ocrx_word' id='word_1_32' title='bbox 1377 1349 1581 1407; x_wconf 86' lang='lat' dir='ltr'>nostrorum</span> <span class='ocrx_word' id='word_1_33' title='bbox 1607 1334 1652 1406; x_wconf 91' lang='lat' dir='ltr'>de</span> 
     </span>
     <span class='ocr_line' id='line_1_7' title="bbox 445 1434 1653 1536; baseline 0 -28"><span class='ocrx_word' id='word_1_34' title='bbox 445 1435 675 1509; x_wconf 79' lang='lat' dir='ltr'>ffaveresham</span> <span class='ocrx_word' id='word_1_35' title='bbox 701 1434 898 1533; x_wconf 87' lang='lat' dir='ltr'>accepimus</span> <span class='ocrx_word' id='word_1_36' title='bbox 923 1435 1022 1534; x_wconf 90' lang='lat' dir='ltr'>quod</span> <span class='ocrx_word' id='word_1_37' title='bbox 1047 1459 1129 1508; x_wconf 87' lang='lat' dir='ltr'>eum</span> <span class='ocrx_word' id='word_1_38' title='bbox 1155 1459 1220 1508; x_wconf 86' lang='lat' dir='ltr'>vos</span> <span class='ocrx_word' id='word_1_39' title='bbox 1238 1434 1342 1536; x_wconf 83' lang='lat' dir='ltr'>juxta</span> <span class='ocrx_word' id='word_1_40' title='bbox 1358 1435 1536 1534; x_wconf 86' lang='lat' dir='ltr'>quandam</span> <span class='ocrx_word' id='word_1_41' title='bbox 1553 1459 1653 1509; x_wconf 91' lang='lat' dir='ltr'>com-</span> 
     </span>
     <span class='ocr_line' id='line_1_8' title="bbox 446 1534 1653 1636; baseline -0.002 -26"><span class='ocrx_word' id='word_1_42' title='bbox 446 1536 661 1636; x_wconf 77' lang='lat' dir='ltr'>posicionem</span> <span class='ocrx_word' id='word_1_43' title='bbox 693 1534 831 1611; x_wconf 90' lang='lat' dir='ltr'>dudum</span> <span class='ocrx_word' id='word_1_44' title='bbox 872 1535 967 1609; x_wconf 89' lang='lat' dir='ltr'>inter</span> <span class='ocrx_word' id='word_1_45' title='bbox 1007 1559 1073 1609; x_wconf 89' lang='lat' dir='ltr'>vos</span> <span class='ocrx_word' id='word_1_46' title='bbox 1113 1551 1150 1610; x_wconf 90' lang='lat' dir='ltr'>et</span> <span class='ocrx_word' id='word_1_47' title='bbox 1190 1535 1287 1634; x_wconf 86' lang='lat' dir='ltr'>ipsos</span> <span class='ocrx_word' id='word_1_48' title='bbox 1327 1535 1453 1610; x_wconf 86' lang='lat' dir='ltr'>initam</span> <span class='ocrx_word' id='word_1_49' title='bbox 1495 1537 1653 1610; x_wconf 88' lang='lat' dir='ltr'>invenire</span> 
     </span>
     <span class='ocr_line' id='line_1_9' title="bbox 445 1635 1654 1734; baseline -0.001 -22"><span class='ocrx_word' id='word_1_50' title='bbox 445 1636 602 1712; x_wconf 79' lang='lat' dir='ltr'>debeatis</span> <span class='ocrx_word' id='word_1_51' title='bbox 628 1660 741 1710; x_wconf 89' lang='lat' dir='ltr'>unum</span> <span class='ocrx_word' id='word_1_52' title='bbox 768 1635 950 1710; x_wconf 89' lang='lat' dir='ltr'>hominem</span> <span class='ocrx_word' id='word_1_53' title='bbox 975 1660 1020 1710; x_wconf 84' lang='lat' dir='ltr'>ex</span> <span class='ocrx_word' id='word_1_54' title='bbox 1046 1651 1145 1734; x_wconf 86' lang='lat' dir='ltr'>parte</span> <span class='ocrx_word' id='word_1_55' title='bbox 1170 1651 1287 1712; x_wconf 84' lang='lat' dir='ltr'>vestra</span> <span class='ocrx_word' id='word_1_56' title='bbox 1312 1637 1357 1711; x_wconf 93' lang='lat' dir='ltr'>ad</span> <span class='ocrx_word' id='word_1_57' title='bbox 1375 1637 1553 1734; x_wconf 78' lang='lat' dir='ltr'>prisonem</span> <span class='ocrx_word' id='word_1_58' title='bbox 1570 1662 1654 1711; x_wconf 88' lang='lat' dir='ltr'>nos-</span> 
     </span>
     <span class='ocr_line' id='line_1_10' title="bbox 445 1735 1653 1835; baseline -0.002 -21"><span class='ocrx_word' id='word_1_59' title='bbox 445 1756 538 1814; x_wconf 86' lang='lat' dir='ltr'>tram</span> <span class='ocrx_word' id='word_1_60' title='bbox 571 1735 705 1811; x_wconf 82' lang='lat' dir='ltr'>ibidem</span> <span class='ocrx_word' id='word_1_61' title='bbox 738 1735 783 1810; x_wconf 85' lang='lat' dir='ltr'>ad</span> <span class='ocrx_word' id='word_1_62' title='bbox 816 1752 979 1835; x_wconf 87' lang='lat' dir='ltr'>sumptus</span> <span class='ocrx_word' id='word_1_63' title='bbox 1012 1752 1149 1811; x_wconf 72' lang='lat' dir='ltr'>vestrm</span> <span class='ocrx_word' id='word_1_64' title='bbox 1181 1737 1415 1827; x_wconf 86' lang='lat' dir='ltr'>custodiend’,</span> <span class='ocrx_word' id='word_1_65' title='bbox 1457 1763 1529 1812; x_wconf 87' lang='lat' dir='ltr'>una</span> <span class='ocrx_word' id='word_1_66' title='bbox 1569 1763 1653 1812; x_wconf 91' lang='lat' dir='ltr'>cum</span> 
     </span>
     <span class='ocr_line' id='line_1_11' title="bbox 446 1835 1653 1939; baseline 0 -26"><span class='ocrx_word' id='word_1_67' title='bbox 446 1839 603 1939; x_wconf 84' lang='lat' dir='ltr'>quodam</span> <span class='ocrx_word' id='word_1_68' title='bbox 628 1836 698 1911; x_wconf 88' lang='lat' dir='ltr'>alio</span> <span class='ocrx_word' id='word_1_69' title='bbox 723 1835 868 1912; x_wconf 90' lang='lat' dir='ltr'>homine</span> <span class='ocrx_word' id='word_1_70' title='bbox 893 1862 956 1937; x_wconf 90' lang='lat' dir='ltr'>per</span> <span class='ocrx_word' id='word_1_71' title='bbox 979 1836 1096 1911; x_wconf 90' lang='lat' dir='ltr'>dictos</span> <span class='ocrx_word' id='word_1_72' title='bbox 1122 1838 1276 1913; x_wconf 77' lang='lat' dir='ltr'>Berones</span> <span class='ocrx_word' id='word_1_73' title='bbox 1291 1839 1336 1914; x_wconf 88' lang='lat' dir='ltr'>ad</span> <span class='ocrx_word' id='word_1_74' title='bbox 1353 1840 1420 1912; x_wconf 92' lang='lat' dir='ltr'>hoc</span> <span class='ocrx_word' id='word_1_75' title='bbox 1435 1838 1653 1929; x_wconf 88' lang='lat' dir='ltr'>inveniend’‚</span> 
     </span>
     <span class='ocr_line' id='line_1_12' title="bbox 446 1937 1652 2039; baseline -0.001 -25"><span class='ocrx_word' id='word_1_76' title='bbox 446 1965 512 2014; x_wconf 84' lang='lat' dir='ltr'>vos</span> <span class='ocrx_word' id='word_1_77' title='bbox 529 1938 710 2012; x_wconf 89' lang='lat' dir='ltr'>hominem</span> <span class='ocrx_word' id='word_1_78' title='bbox 727 1938 880 2038; x_wconf 88' lang='lat' dir='ltr'>aliquem</span> <span class='ocrx_word' id='word_1_79' title='bbox 897 1937 942 2012; x_wconf 85' lang='lat' dir='ltr'>ad</span> <span class='ocrx_word' id='word_1_80' title='bbox 959 1938 1026 2012; x_wconf 93' lang='lat' dir='ltr'>hoc</span> <span class='ocrx_word' id='word_1_81' title='bbox 1045 1939 1216 2028; x_wconf 81' lang='lat' dir='ltr'>invenire,</span> <span class='ocrx_word' id='word_1_82' title='bbox 1233 1941 1326 2014; x_wconf 67' lang='lat' dir='ltr'>deut</span> <span class='ocrx_word' id='word_1_83' title='bbox 1342 1940 1441 2039; x_wconf 87' lang='lat' dir='ltr'>prius</span> <span class='ocrx_word' id='word_1_84' title='bbox 1457 1940 1652 2031; x_wconf 86' lang='lat' dir='ltr'>invenistis,</span> 
     </span>
     <span class='ocr_line' id='line_1_13' title="bbox 446 2038 1652 2142; baseline -0.001 -27"><span class='ocrx_word' id='word_1_85' title='bbox 446 2039 687 2115; x_wconf 77' lang='lat' dir='ltr'>contradicitis</span> <span class='ocrx_word' id='word_1_86' title='bbox 732 2039 851 2112; x_wconf 89' lang='lat' dir='ltr'>minus</span> <span class='ocrx_word' id='word_1_87' title='bbox 885 2039 981 2141; x_wconf 90' lang='lat' dir='ltr'>juste</span> <span class='ocrx_word' id='word_1_88' title='bbox 1022 2038 1067 2113; x_wconf 85' lang='lat' dir='ltr'>ad</span> <span class='ocrx_word' id='word_1_89' title='bbox 1108 2064 1216 2140; x_wconf 78' lang='lat' dir='ltr'>grave</span> <span class='ocrx_word' id='word_1_90' title='bbox 1257 2041 1452 2141; x_wconf 84' lang='lat' dir='ltr'>dampnum</span> <span class='ocrx_word' id='word_1_91' title='bbox 1493 2041 1652 2142; x_wconf 88' lang='lat' dir='ltr'>ipsorum</span> 
     </span>
     <span class='ocr_line' id='line_1_14' title="bbox 446 2138 1369 2240; baseline 0.001 -25"><span class='ocrx_word' id='word_1_92' title='bbox 446 2143 628 2216; x_wconf 76' lang='lat' dir='ltr'>Beronum</span> <span class='ocrx_word' id='word_1_93' title='bbox 644 2155 682 2214; x_wconf 91' lang='lat' dir='ltr'>et</span> <span class='ocrx_word' id='word_1_94' title='bbox 696 2154 820 2215; x_wconf 88' lang='lat' dir='ltr'>contra</span> <span class='ocrx_word' id='word_1_95' title='bbox 835 2138 1134 2240; x_wconf 84' lang='lat' dir='ltr'>composicionem</span> <span class='ocrx_word' id='word_1_96' title='bbox 1151 2141 1345 2239; x_wconf 82' lang='lat' dir='ltr'>predictam</span> <span class='ocrx_word' id='word_1_97' title='bbox 1361 2169 1369 2216; x_wconf 91' lang='lat'>:</span> 
     </span>
    </p>

    <p class='ocr_par' dir='ltr' id='par_1_4' title="bbox 447 2240 1655 2847">
     <span class='ocr_line' id='line_1_15' title="bbox 522 2240 1655 2342; baseline 0.002 -28"><span class='ocrx_word' id='word_1_98' title='bbox 522 2240 602 2315; x_wconf 89' lang='lat' dir='ltr'>Nos</span> <span class='ocrx_word' id='word_1_99' title='bbox 618 2241 842 2316; x_wconf 74' lang='lat' dir='ltr'>advertentes</span> <span class='ocrx_word' id='word_1_100' title='bbox 856 2241 955 2341; x_wconf 92' lang='lat' dir='ltr'>quod</span> <span class='ocrx_word' id='word_1_101' title='bbox 982 2241 1178 2339; x_wconf 86' lang='lat' dir='ltr'>periculum</span> <span class='ocrx_word' id='word_1_102' title='bbox 1204 2267 1267 2342; x_wconf 86' lang='lat' dir='ltr'>per</span> <span class='ocrx_word' id='word_1_103' title='bbox 1290 2240 1470 2317; x_wconf 90' lang='lat' dir='ltr'>defectum</span> <span class='ocrx_word' id='word_1_104' title='bbox 1496 2243 1655 2319; x_wconf 83' lang='lat' dir='ltr'>custodie</span> 
     </span>
     <span class='ocr_line' id='line_1_16' title="bbox 447 2339 1655 2445; baseline 0.002 -29"><span class='ocrx_word' id='word_1_105' title='bbox 447 2340 652 2445; x_wconf 87' lang='lat' dir='ltr'>hujusmodi</span> <span class='ocrx_word' id='word_1_106' title='bbox 679 2357 798 2440; x_wconf 78' lang='lat' dir='ltr'>posset</span> <span class='ocrx_word' id='word_1_107' title='bbox 823 2339 954 2416; x_wconf 88' lang='lat' dir='ltr'>futuris</span> <span class='ocrx_word' id='word_1_108' title='bbox 980 2340 1202 2442; x_wconf 86' lang='lat' dir='ltr'>temporibus</span> <span class='ocrx_word' id='word_1_109' title='bbox 1217 2343 1373 2420; x_wconf 86' lang='lat' dir='ltr'>iminere.</span> <span class='ocrx_word' id='word_1_110' title='bbox 1426 2342 1538 2418; x_wconf 92' lang='lat' dir='ltr'>Vobis</span> <span class='ocrx_word' id='word_1_111' title='bbox 1554 2370 1655 2419; x_wconf 91' lang='lat' dir='ltr'>man-</span> 
     </span>
     <span class='ocr_line' id='line_1_17' title="bbox 447 2441 1655 2543; baseline 0.002 -25"><span class='ocrx_word' id='word_1_112' title='bbox 447 2444 575 2518; x_wconf 86' lang='lat' dir='ltr'>damus</span> <span class='ocrx_word' id='word_1_113' title='bbox 599 2441 699 2542; x_wconf 91' lang='lat' dir='ltr'>quod</span> <span class='ocrx_word' id='word_1_114' title='bbox 724 2442 906 2517; x_wconf 89' lang='lat' dir='ltr'>hominem</span> <span class='ocrx_word' id='word_1_115' title='bbox 930 2443 1130 2541; x_wconf 84' lang='lat' dir='ltr'>predictum</span> <span class='ocrx_word' id='word_1_116' title='bbox 1155 2444 1200 2519; x_wconf 88' lang='lat' dir='ltr'>ad</span> <span class='ocrx_word' id='word_1_117' title='bbox 1226 2444 1405 2543; x_wconf 88' lang='lat' dir='ltr'>prisonam</span> <span class='ocrx_word' id='word_1_118' title='bbox 1422 2443 1518 2518; x_wconf 87' lang='lat' dir='ltr'>illam</span> <span class='ocrx_word' id='word_1_119' title='bbox 1535 2463 1655 2520; x_wconf 87' lang='lat' dir='ltr'>custo-</span> 
     </span>
     <span class='ocr_line' id='line_1_18' title="bbox 449 2542 1654 2644; baseline 0.002 -26"><span class='ocrx_word' id='word_1_120' title='bbox 449 2544 567 2619; x_wconf 90' lang='lat' dir='ltr'>diend’</span> <span class='ocrx_word' id='word_1_121' title='bbox 585 2557 728 2642; x_wconf 87' lang='lat' dir='ltr'>exparte</span> <span class='ocrx_word' id='word_1_122' title='bbox 745 2559 862 2619; x_wconf 82' lang='lat' dir='ltr'>vestra</span> <span class='ocrx_word' id='word_1_123' title='bbox 879 2545 964 2644; x_wconf 92' lang='lat' dir='ltr'>poni</span> <span class='ocrx_word' id='word_1_124' title='bbox 990 2542 1124 2618; x_wconf 88' lang='lat' dir='ltr'>faciatis</span> <span class='ocrx_word' id='word_1_125' title='bbox 1148 2543 1240 2618; x_wconf 86' lang='lat' dir='ltr'>sicut</span> <span class='ocrx_word' id='word_1_126' title='bbox 1261 2545 1298 2619; x_wconf 92' lang='lat' dir='ltr'>id</span> <span class='ocrx_word' id='word_1_127' title='bbox 1323 2545 1435 2620; x_wconf 86' lang='lat' dir='ltr'>facere</span> <span class='ocrx_word' id='word_1_128' title='bbox 1459 2544 1594 2622; x_wconf 88' lang='lat' dir='ltr'>debetis</span> <span class='ocrx_word' id='word_1_129' title='bbox 1617 2563 1654 2621; x_wconf 91' lang='lat' dir='ltr'>et</span> 
     </span>
     <span class='ocr_line' id='line_1_19' title="bbox 448 2643 1655 2749; baseline 0.002 -30"><span class='ocrx_word' id='word_1_130' title='bbox 448 2643 789 2745; x_wconf 84' lang='lat' dir='ltr'>consuevistisjuxta</span> <span class='ocrx_word' id='word_1_131' title='bbox 801 2644 1098 2744; x_wconf 85' lang='lat' dir='ltr'>composicionem</span> <span class='ocrx_word' id='word_1_132' title='bbox 1111 2646 1316 2746; x_wconf 85' lang='lat' dir='ltr'>prodictam,</span> <span class='ocrx_word' id='word_1_133' title='bbox 1329 2647 1379 2721; x_wconf 90' lang='lat' dir='ltr'>ita</span> <span class='ocrx_word' id='word_1_134' title='bbox 1397 2648 1496 2747; x_wconf 93' lang='lat' dir='ltr'>quod</span> <span class='ocrx_word' id='word_1_135' title='bbox 1513 2648 1655 2749; x_wconf 83' lang='lat' dir='ltr'>culpam</span> 
     </span>
     <span class='ocr_line' id='line_1_20' title="bbox 448 2745 1466 2847; baseline -0.001 -24"><span class='ocrx_word' id='word_1_136' title='bbox 448 2762 603 2824; x_wconf 79' lang='lat' dir='ltr'>vestram</span> <span class='ocrx_word' id='word_1_137' title='bbox 619 2745 656 2819; x_wconf 93' lang='lat' dir='ltr'>in</span> <span class='ocrx_word' id='word_1_138' title='bbox 673 2745 737 2819; x_wconf 90' lang='lat' dir='ltr'>hac</span> <span class='ocrx_word' id='word_1_139' title='bbox 755 2762 855 2846; x_wconf 89' lang='lat' dir='ltr'>parte</span> <span class='ocrx_word' id='word_1_140' title='bbox 871 2771 1018 2847; x_wconf 84' lang='lat' dir='ltr'>arguere</span> <span class='ocrx_word' id='word_1_141' title='bbox 1034 2747 1162 2821; x_wconf 88' lang='lat' dir='ltr'>merito</span> <span class='ocrx_word' id='word_1_142' title='bbox 1179 2773 1251 2823; x_wconf 96' lang='lat' dir='ltr'>non</span> <span class='ocrx_word' id='word_1_143' title='bbox 1267 2746 1466 2823; x_wconf 84' lang='lat' dir='ltr'>debeamus.</span> 
     </span>
    </p>

    <p class='ocr_par' dir='ltr' id='par_1_5' title="bbox 449 2846 1656 3050">
     <span class='ocr_line' id='line_1_21' title="bbox 524 2846 1656 2964; baseline 0.004 -44"><span class='ocrx_word' id='word_1_144' title='bbox 524 2847 635 2921; x_wconf 84' lang='lat' dir='ltr'>Teste</span> <span class='ocrx_word' id='word_1_145' title='bbox 663 2872 720 2921; x_wconf 89' lang='lat' dir='ltr'>me</span> <span class='ocrx_word' id='word_1_146' title='bbox 749 2846 828 2964; x_wconf 90' lang='lat' dir='ltr'>ipso</span> <span class='ocrx_word' id='word_1_147' title='bbox 857 2848 951 2947; x_wconf 92' lang='lat' dir='ltr'>apud</span> <span class='ocrx_word' id='word_1_148' title='bbox 983 2848 1242 2924; x_wconf 86' lang='lat' dir='ltr'>Glouoestriam</span> <span class='ocrx_word' id='word_1_149' title='bbox 1273 2848 1322 2951; x_wconf 90' lang='lat' dir='ltr'>iiij</span> <span class='ocrx_word' id='word_1_150' title='bbox 1354 2849 1412 2924; x_wconf 89' lang='lat' dir='ltr'>die</span> <span class='ocrx_word' id='word_1_151' title='bbox 1442 2850 1533 2924; x_wconf 87' lang='lat' dir='ltr'>Maii</span> <span class='ocrx_word' id='word_1_152' title='bbox 1562 2876 1656 2924; x_wconf 91' lang='lat' dir='ltr'>anno</span> 
     </span>
     <span class='ocr_line' id='line_1_22' title="bbox 449 2948 849 3050; baseline 0.01 -28"><span class='ocrx_word' id='word_1_153' title='bbox 449 2949 549 3050; x_wconf 84' lang='lat' dir='ltr'>regni</span> <span class='ocrx_word' id='word_1_154' title='bbox 567 2948 678 3023; x_wconf 86' lang='lat' dir='ltr'>nostri</span> <span class='ocrx_word' id='word_1_155' title='bbox 702 2948 849 3026; x_wconf 88' lang='lat' dir='ltr'>decuno.</span> 
     </span>
    </p>
   </div>
   <div class='ocr_carea' id='block_1_4' title="bbox 0 0 1878 5278">
    <p class='ocr_par' dir='ltr' id='par_1_6' title="bbox 0 0 1878 5278">
     <span class='ocr_line' id='line_1_23' title="bbox 0 0 1878 5278; baseline 0 0"><span class='ocrx_word' id='word_1_156' title='bbox 0 0 1878 5278; x_wconf 95' lang='lat' dir='ltr'> </span> 
     </span>
    </p>
   </div>
  </div>
 </body>
</html>
