3716 5290
451 489 522 562 286
811 490 992 565 DOVER
1019 491 1298 567 CHARTERS

448 690 605 807 alicujus,
624 691 774 768 habend’
793 695 849 766 vel
875 693 1103 792 exequend’3
1129 711 1164 768 et
1190 693 1329 766 firmam
1355 719 1475 792 pacem
1501 712 1658 770 nostram

447 793 497 864 eis
526 793 609 866 inde
639 793 866 867 concedimus
896 819 959 893 per
993 812 1195 893 presentes:
1235 795 1290 870 lta
1319 811 1434 870 tamen
1464 797 1564 896 quod
1590 815 1659 871 stet

446 909 543 967 recto
559 893 597 966 in
615 895 713 968 curia
738 911 855 969 nostra
871 894 899 968 si
920 897 1004 1012 quis
1022 921 1145 972 versus
1162 923 1245 970 eum
1269 897 1353 970 inde
1369 895 1469 996 loqui
1492 900 1656 973 voluerit.

450 995 720 1068 Pannonnnus
758 995 867 1069 eciam
919 995 1133 1071 remittimus
1184 1014 1221 1070 et
1274 997 1470 1072 relaxamus
1513 998 1659 1098 prefatis

448 1094 592 1195 Majori,
606 1096 753 1184 Ballivo,
768 1112 803 1170 et
821 1097 1089 1190 communitati,
1108 1123 1232 1172 omnes
1248 1114 1284 1171 et
1300 1099 1549 1174 omnimodas
1540 1126 1657 1174 insur-

444 1196 630 1289 rectiones,
669 1196 889 1288 rebelliones,
918 1198 1176 1297 mesprisiones‚
1220 1195 1536 1291 confederationes,
1571 1228 1657 1275 con-

445 1258 645 1389 celamentd,
685 1314 721 1372 et
787 1298 960 1373 indebitas
1015 1301 1206 1374 verborum
1265 1301 1485 1398 prolaciones
1535 1319 1657 1376 contra

443 1399 576 1498 regiam
611 1399 834 1500 Majestatem
865 1417 1032 1489 nostram,
1070 1418 1106 1474 et
1138 1426 1453 1502 quorumcumque
1490 1405 1656 1503 progeni-

443 1515 565 1573 torum
607 1519 810 1584 nostrorum
854 1527 969 1600 nuper
1010 1527 1135 1601 regum
1178 1503 1321 1601 Anglie,
1362 1520 1399 1576 et
1440 1504 1657 1578 conciliarios

443 1617 593 1690 nostros,
620 1618 682 1675 aut
711 1627 836 1676 eorum
862 1602 1030 1703 aliquem,
1057 1619 1119 1676 aut
1145 1603 1398 1691 conciliarium‚
1416 1605 1473 1678 vel
1500 1606 1655 1704 aliquem

443 1701 684 1776 conciliarium
723 1701 874 1802 alicujus
915 1703 1185 1802 progenitorum
1228 1720 1443 1795 nostrorum,
1479 1731 1541 1804 per
1575 1731 1655 1804 pre-

441 1802 555 1876 dictos
582 1803 772 1903 Majorem,
799 1803 988 1894 Ballivum,
1004 1821 1040 1878 et
1066 1803 1381 1894 communitatem,
1410 1822 1490 1879 ante
1517 1806 1654 1881 dictum

440 1903 649 1977 vicesimum
706 1905 854 1978 tercium
912 1905 1009 1979 diem
1063 1904 1209 2021 Aprilis,
1260 1907 1568 2007 qualitercumque
1618 1925 1654 1981 et

441 2005 766 2105 quocienscumque
800 2004 907 2078 factas
939 2005 1072 2079 habitas
1113 2007 1188 2080 sive
1222 2023 1463 2106 perpetratas:
1502 2008 1653 2082 Necnon

439 2131 564 2179 omnes
596 2123 632 2179 et
660 2106 893 2196 omnimodas,
922 2107 1220 2206 transgressiones,
1255 2108 1372 2198 riotas,
1407 2125 1539 2197 routas,
1568 2135 1654 2182 con-

441 2207 616 2281 venticula
666 2206 798 2298 illicita,
851 2206 1165 2294 confederaciones,
1217 2209 1507 2307 conspirationes,
1561 2235 1654 2283 mes-

440 2307 627 2424 prisipnes,
660 2309 837 2407 ingressus
879 2307 1071 2382 manuforti
1114 2308 1235 2398 factos,
1273 2327 1512 2408 contemptus,
1547 2311 1652 2384 necli-

438 2408 585 2524 gensias,
619 2409 850 2509 ignorancias,
895 2409 1146 2526 impericiones,
1185 2408 1365 2502 falsitates,
1409 2410 1649 2525 deceptiones,

432 2509 601 2609 jacturas,
611 2527 781 2609 gestures,
798 2511 1028 2600 extorciones,
1046 2511 1283 2609 oppresiones,
1297 2510 1463 2612 perjuria,
1475 2530 1511 2585 et
1527 2537 1650 2585 omnes

438 2611 664 2686 denariorum
687 2636 843 2684 summas
866 2613 940 2685 sive
966 2569 1112 2685 elicitum
1131 2637 1251 2684 rerum
1304 2637 1597 2712 uarumcumque,
1614 2630 1650 2687 et

437 2712 660 2827 recepciones
676 2714 873 2786 eorundem
890 2737 956 2810 pro
974 2711 1155 2786 verodicto
1179 2637 1339 2800 dicendo,
1353 2729 1389 2786 et
1406 2713 1649 2802 imbraciarias,

437 2812 686 2911 cambipertias,
724 2813 1020 2905 manutenencias,
1062 2813 1278 2898 omissiones,
1314 2813 1458 2901 offensa,
1499 2832 1534 2888 et
1584 2816 1650 2888 alia

437 2913 619 2988 malefacta
651 2939 889 3014 quecumque,
924 2939 986 3012 per
1027 2914 1121 3012 ipsos
1164 2914 1356 3015 Majorcm,
1390 2915 1580 3004 Ballivum,
1613 2933 1648 2988 et

437 3015 755 3106 Communitatem,
789 3031 870 3088 ante
903 3015 1056 3089 eundem
1085 3014 1181 3088 diem
1207 3015 1515 3115 qualitercumque
1541 3015 1648 3090 factas

436 3115 614 3189 habitas
588 3141 662 3188 srve
676 3133 904 3214 per.petratas
942 3116 1001 3188 Er
1021 3117 1225 3189 Srmm‘rsn
1245 3116 1482 3214 perdonamus
1498 3118 1649 3191 remitti-

436 3239 517 3289 mus
538 3233 574 3290 et
599 3218 794 3290 relaxamus
822 3217 946 3290 iisdem
973 3216 1118 3316 Majori‚
1148 3215 1294 3306 Ballivo,
1319 3233 1354 3290 et
1378 3217 1647 3308 Communitati‚

435 3317 659 3391 omnimodas
684 3317 977 3417 transgressiones
1012 3332 1237 3415 contemptus
1261 3316 1429 3392 falsitates
1458 3335 1494 3390 et
1518 3318 1647 3417 decep-

435 3417 552 3490 ciones
569 3443 636 3515 pro
652 3418 831 3491 abrasione
848 3443 967 3492 rasura
983 3418 1299 3509 interlinaciones
1275 3444 1348 3491 srve
1361 3417 1644 3508 imbesillacione,

433 3536 495 3590 aut
528 3517 768 3593 subtraccione
797 3519 999 3619 aliquorum
1030 3519 1229 3592 rotulorum
1263 3519 1493 3593 recordorum
1523 3545 1647 3636 recog-

433 3618 613 3692 nicionum
651 3621 730 3706 siue
778 3622 1092 3693 memorandorum
1129 3637 1347 3710 nostrorum,
1386 3638 1447 3693 aut
1497 3620 1646 3721 alicujus

433 3721 704 3820 progenitorum
735 3738 940 3795 nostrorum
970 3745 1293 3820 quorumcumque,
1328 3721 1365 3794 in
1398 3721 1536 3836 aliqua
1549 3723 1645 3796 curia

434 3838 563 3910 nostra,
582 3839 644 3895 aut
666 3823 703 3894 in
727 3823 845 3922 aliqua
870 3823 967 3896 curia
991 3821 1140 3921 alicujus
1165 3823 1403 3921 progenitoris
1427 3821 1551 3910 nostri,
1569 3823 1644 3897 sive

432 3921 476 3996 ab
502 3921 620 4022 aliqua
649 3923 855 4024 hujusmodi
890 3927 998 4014 curia,
1026 3947 1088 4022 per
1118 3924 1213 4021 ipsos
1240 3923 1432 4023 Majorem,
1455 3922 1643 4015 Ballivum,

431 4039 468 4096 et
496 4022 809 4113 Communitatem,
826 4040 906 4097 ante
947 3983 1173 4098 redictum
1141 4025 1348 4097 vrcesimum
1371 4025 1522 4098 tercium
1548 4023 1643 4097 diem

431 4125 578 4222 Aprilis,
604 4126 725 4225 aliquo
763 4127 873 4198 modo
914 4051 1082 4200 fictas
1056 4125 1131 4198 sive
1164 4141 1389 4224 perpetratas
1453 4127 1640 4198 Acacmn

431 4226 668 4322 perdonamus
717 4226 933 4300 remittimus
983 4244 1018 4298 et
1069 4225 1265 4300 relaxamus
1317 4225 1449 4299 eisdem
1499 4225 1643 4341 Majori,

431 4326 578 4418 Ballivo,
598 4344 634 4400 et
659 4327 928 4416 Communitati‚
955 4325 1215 4400 omnimodas
1207 4327 1477 4424 impetrationes
1499 4326 1644 4428 injustas
