<?xml version="1.0" encoding="UTF-8"?>
<!DOCTYPE html PUBLIC "-//W3C//DTD XHTML 1.0 Transitional//EN"
    "http://www.w3.org/TR/xhtml1/DTD/xhtml1-transitional.dtd">
<html xmlns="http://www.w3.org/1999/xhtml" xml:lang="en" lang="en">
 <head>
  <title>
</title>
<meta http-equiv="Content-Type" content="text/html;charset=utf-8" />
  <meta name='ocr-system' content='tesseract 3.04.00' />
  <meta name='ocr-capabilities' content='ocr_page ocr_carea ocr_par ocr_line ocrx_word'/>
</head>
<body>
  <div class='ocr_page' id='page_1' title='image "./doverchartersan01statgoog_0153.png"; bbox 0 0 3726 5256; ppageno 0'>
   <div class='ocr_carea' id='block_1_1' title="bbox 440 477 1275 558">
    <p class='ocr_par' dir='ltr' id='par_1_1' title="bbox 440 477 1275 558">
     <span class='ocr_line' id='line_1_1' title="bbox 440 477 1275 558; baseline -0.002 -4"><span class='ocrx_word' id='word_1_1' title='bbox 440 483 509 558; x_wconf 91' lang='lat'>118</span> <span class='ocrx_word' id='word_1_2' title='bbox 796 477 972 554; x_wconf 86' lang='lat' dir='ltr'>DOVER</span> <span class='ocrx_word' id='word_1_3' title='bbox 999 477 1275 554; x_wconf 86' lang='lat' dir='ltr'>CHARTERS</span> 
     </span>
    </p>
   </div>
   <div class='ocr_carea' id='block_1_2' title="bbox 434 677 1647 1052">
    <p class='ocr_par' dir='ltr' id='par_1_2' title="bbox 434 677 1647 1052">
     <span class='ocr_line' id='line_1_2' title="bbox 434 677 1646 778; baseline -0.006 -24"><span class='ocrx_word' id='word_1_4' title='bbox 434 705 471 754; x_wconf 87' lang='lat' dir='ltr'>se</span> <span class='ocrx_word' id='word_1_5' title='bbox 499 680 556 752; x_wconf 90' lang='lat' dir='ltr'>vel</span> <span class='ocrx_word' id='word_1_6' title='bbox 586 703 648 778; x_wconf 89' lang='lat' dir='ltr'>per</span> <span class='ocrx_word' id='word_1_7' title='bbox 673 694 891 753; x_wconf 81' lang='lat' dir='ltr'>attomatum</span> <span class='ocrx_word' id='word_1_8' title='bbox 919 703 1027 754; x_wconf 88' lang='lat' dir='ltr'>suum</span> <span class='ocrx_word' id='word_1_9' title='bbox 1055 677 1247 778; x_wconf 81' lang='lat' dir='ltr'>predictam</span> <span class='ocrx_word' id='word_1_10' title='bbox 1276 679 1431 776; x_wconf 81' lang='lat' dir='ltr'>placeam</span> <span class='ocrx_word' id='word_1_11' title='bbox 1460 701 1541 750; x_wconf 91' lang='lat' dir='ltr'>cum</span> <span class='ocrx_word' id='word_1_12' title='bbox 1565 698 1646 774; x_wconf 91' lang='lat' dir='ltr'>per-</span> 
     </span>
     <span class='ocr_line' id='line_1_3' title="bbox 434 775 1647 880; baseline -0.005 -26"><span class='ocrx_word' id='word_1_13' title='bbox 434 780 596 855; x_wconf 90' lang='lat' dir='ltr'>tinenciis</span> <span class='ocrx_word' id='word_1_14' title='bbox 624 779 698 853; x_wconf 89' lang='lat' dir='ltr'>suis</span> <span class='ocrx_word' id='word_1_15' title='bbox 725 795 762 854; x_wconf 88' lang='lat' dir='ltr'>et</span> <span class='ocrx_word' id='word_1_16' title='bbox 788 794 909 854; x_wconf 92' lang='lat' dir='ltr'>totum</span> <span class='ocrx_word' id='word_1_17' title='bbox 940 780 1158 880; x_wconf 73' lang='lat' dir='ltr'>mesuagium</span> <span class='ocrx_word' id='word_1_18' title='bbox 1186 778 1335 877; x_wconf 84' lang='lat' dir='ltr'><strong>predicti</strong></span> <span class='ocrx_word' id='word_1_19' title='bbox 1370 775 1510 851; x_wconf 85' lang='lat' dir='ltr'>Rioardi</span> <span class='ocrx_word' id='word_1_20' title='bbox 1541 777 1647 876; x_wconf 80' lang='lat' dir='ltr'>Petyt</span> 
     </span>
     <span class='ocr_line' id='line_1_4' title="bbox 436 879 1647 1052; baseline -0.007 -96"><span class='ocrx_word' id='word_1_21' title='bbox 436 881 534 981; x_wconf 91' lang='lat' dir='ltr'>quod</span> <span class='ocrx_word' id='word_1_22' title='bbox 580 879 685 955; x_wconf 86' lang='lat' dir='ltr'>habet</span> <span class='ocrx_word' id='word_1_23' title='bbox 726 880 841 955; x_wconf 91' lang='lat' dir='ltr'>eidem</span> <span class='ocrx_word' id='word_1_24' title='bbox 874 879 993 980; x_wconf 87' lang='lat' dir='ltr'>placee</span> <span class='ocrx_word' id='word_1_25' title='bbox 1034 905 1224 970; x_wconf 83' lang='lat' dir='ltr'>annexum,</span> <span class='ocrx_word' id='word_1_26' title='bbox 1258 880 1295 953; x_wconf 92' lang='lat' dir='ltr'>in</span> <span class='ocrx_word' id='word_1_27' title='bbox 1335 902 1647 1052; x_wconf 67' lang='lat' dir='ltr'>quorumcumpue</span> 
     </span>
    </p>
   </div>
   <div class='ocr_carea' id='block_1_3' title="bbox 436 977 1653 3700">
    <p class='ocr_par' dir='ltr' id='par_1_3' title="bbox 436 977 1652 2290">
     <span class='ocr_line' id='line_1_5' title="bbox 437 977 1648 1080; baseline -0.005 -24"><span class='ocrx_word' id='word_1_28' title='bbox 437 1006 564 1056; x_wconf 88' lang='lat' dir='ltr'>manus</span> <span class='ocrx_word' id='word_1_29' title='bbox 605 981 642 1054; x_wconf 96' lang='lat' dir='ltr'>in</span> <span class='ocrx_word' id='word_1_30' title='bbox 685 997 870 1080; x_wconf 87' lang='lat' dir='ltr'>posterum</span> <span class='ocrx_word' id='word_1_31' title='bbox 904 981 1122 1072; x_wconf 86' lang='lat' dir='ltr'>devenerint,</span> <span class='ocrx_word' id='word_1_32' title='bbox 1157 979 1288 1054; x_wconf 88' lang='lat' dir='ltr'>intrare</span> <span class='ocrx_word' id='word_1_33' title='bbox 1327 977 1538 1080; x_wconf 82' lang='lat' dir='ltr'>distringere</span> <span class='ocrx_word' id='word_1_34' title='bbox 1600 977 1648 1050; x_wconf 92' lang='lat' dir='ltr'>is-</span> 
     </span>
     <span class='ocr_line' id='line_1_6' title="bbox 436 1079 1648 1199; baseline -0.004 -42"><span class='ocrx_word' id='word_1_35' title='bbox 436 1083 622 1158; x_wconf 90' lang='lat' dir='ltr'>tricciones</span> <span class='ocrx_word' id='word_1_36' title='bbox 645 1079 818 1156; x_wconf 81' lang='lat' dir='ltr'>abducere</span> <span class='ocrx_word' id='word_1_37' title='bbox 842 1098 879 1156; x_wconf 94' lang='lat' dir='ltr'>et</span> <span class='ocrx_word' id='word_1_38' title='bbox 904 1107 1011 1199; x_wconf 87' lang='lat' dir='ltr'>penes</span> <span class='ocrx_word' id='word_1_39' title='bbox 1035 1107 1072 1156; x_wconf 89' lang='lat' dir='ltr'>se</span> <span class='ocrx_word' id='word_1_40' title='bbox 1087 1081 1245 1156; x_wconf 88' lang='lat' dir='ltr'>detinere</span> <span class='ocrx_word' id='word_1_41' title='bbox 1270 1105 1456 1182; x_wconf 82' lang='lat' dir='ltr'>quousque</span> <span class='ocrx_word' id='word_1_42' title='bbox 1481 1080 1526 1154; x_wconf 95' lang='lat' dir='ltr'>de</span> <span class='ocrx_word' id='word_1_43' title='bbox 1550 1079 1648 1154; x_wconf 87' lang='lat' dir='ltr'>dieto</span> 
     </span>
     <span class='ocr_line' id='line_1_7' title="bbox 436 1179 1647 1284; baseline -0.003 -26"><span class='ocrx_word' id='word_1_44' title='bbox 436 1183 579 1258; x_wconf 86' lang='lat' dir='ltr'>redditu</span> <span class='ocrx_word' id='word_1_45' title='bbox 595 1198 631 1256; x_wconf 93' lang='lat' dir='ltr'>et</span> <span class='ocrx_word' id='word_1_46' title='bbox 654 1183 730 1284; x_wconf 88' lang='lat' dir='ltr'>ejus</span> <span class='ocrx_word' id='word_1_47' title='bbox 754 1183 939 1283; x_wconf 78' lang='lat' dir='ltr'>arreragiis</span> <span class='ocrx_word' id='word_1_48' title='bbox 963 1183 1117 1282; x_wconf 82' lang='lat' dir='ltr'>plenarie</span> <span class='ocrx_word' id='word_1_49' title='bbox 1141 1181 1251 1258; x_wconf 88' lang='lat' dir='ltr'>fuerit</span> <span class='ocrx_word' id='word_1_50' title='bbox 1273 1179 1514 1256; x_wconf 89' lang='lat' dir='ltr'>satisfactum:</span> <span class='ocrx_word' id='word_1_51' title='bbox 1541 1196 1578 1254; x_wconf 92' lang='lat' dir='ltr'>et</span> <span class='ocrx_word' id='word_1_52' title='bbox 1602 1179 1647 1254; x_wconf 81' lang='lat' dir='ltr'>ad</span> 
     </span>
     <span class='ocr_line' id='line_1_8' title="bbox 438 1281 1648 1383; baseline -0.004 -25"><span class='ocrx_word' id='word_1_53' title='bbox 438 1283 506 1358; x_wconf 92' lang='lat' dir='ltr'>hoc</span> <span class='ocrx_word' id='word_1_54' title='bbox 539 1281 685 1358; x_wconf 88' lang='lat' dir='ltr'>faciend&#39;</span> <span class='ocrx_word' id='word_1_55' title='bbox 719 1285 900 1383; x_wconf 90' lang='lat' dir='ltr'>predictus</span> <span class='ocrx_word' id='word_1_56' title='bbox 943 1285 1117 1360; x_wconf 89' lang='lat' dir='ltr'>Ricardus</span> <span class='ocrx_word' id='word_1_57' title='bbox 1150 1284 1257 1382; x_wconf 91' lang='lat' dir='ltr'>Petyt</span> <span class='ocrx_word' id='word_1_58' title='bbox 1289 1284 1319 1356; x_wconf 92' lang='lat' dir='ltr'>si</span> <span class='ocrx_word' id='word_1_59' title='bbox 1361 1281 1470 1356; x_wconf 89' lang='lat' dir='ltr'>fuerit</span> <span class='ocrx_word' id='word_1_60' title='bbox 1512 1305 1648 1354; x_wconf 88' lang='lat' dir='ltr'>necesse</span> 
     </span>
     <span class='ocr_line' id='line_1_9' title="bbox 438 1383 1648 1486; baseline -0.006 -26"><span class='ocrx_word' id='word_1_61' title='bbox 438 1385 601 1460; x_wconf 89' lang='lat' dir='ltr'>concedit</span> <span class='ocrx_word' id='word_1_62' title='bbox 634 1409 702 1484; x_wconf 92' lang='lat' dir='ltr'>pro</span> <span class='ocrx_word' id='word_1_63' title='bbox 735 1411 772 1459; x_wconf 91' lang='lat' dir='ltr'>se</span> <span class='ocrx_word' id='word_1_64' title='bbox 804 1384 993 1460; x_wconf 81' lang='lat' dir='ltr'>heredibus</span> <span class='ocrx_word' id='word_1_65' title='bbox 1024 1401 1061 1460; x_wconf 92' lang='lat' dir='ltr'>et</span> <span class='ocrx_word' id='word_1_66' title='bbox 1089 1385 1272 1486; x_wconf 86' lang='lat' dir='ltr'>assignatis</span> <span class='ocrx_word' id='word_1_67' title='bbox 1304 1383 1377 1458; x_wconf 91' lang='lat' dir='ltr'>suis</span> <span class='ocrx_word' id='word_1_68' title='bbox 1409 1408 1473 1484; x_wconf 91' lang='lat' dir='ltr'>per</span> <span class='ocrx_word' id='word_1_69' title='bbox 1505 1407 1648 1481; x_wconf 81' lang='lat' dir='ltr'>presens</span> 
     </span>
     <span class='ocr_line' id='line_1_10' title="bbox 439 1484 1649 1584; baseline -0.003 -24"><span class='ocrx_word' id='word_1_70' title='bbox 439 1487 613 1584; x_wconf 91' lang='lat' dir='ltr'>scriptum</span> <span class='ocrx_word' id='word_1_71' title='bbox 655 1485 909 1584; x_wconf 85' lang='lat' dir='ltr'>prenominatis</span> <span class='ocrx_word' id='word_1_72' title='bbox 949 1485 1083 1560; x_wconf 82' lang='lat' dir='ltr'>Abbati</span> <span class='ocrx_word' id='word_1_73' title='bbox 1124 1502 1161 1559; x_wconf 92' lang='lat' dir='ltr'>et</span> <span class='ocrx_word' id='word_1_74' title='bbox 1203 1484 1404 1559; x_wconf 89' lang='lat' dir='ltr'>Conventui</span> <span class='ocrx_word' id='word_1_75' title='bbox 1446 1499 1484 1559; x_wconf 96' lang='lat' dir='ltr'>et</span> <span class='ocrx_word' id='word_1_76' title='bbox 1523 1507 1649 1558; x_wconf 91' lang='lat' dir='ltr'>eorum</span> 
     </span>
     <span class='ocr_line' id='line_1_11' title="bbox 439 1585 1649 1684; baseline -0.003 -22"><span class='ocrx_word' id='word_1_77' title='bbox 439 1585 698 1662; x_wconf 90' lang='lat' dir='ltr'>successoribus</span> <span class='ocrx_word' id='word_1_78' title='bbox 722 1612 762 1662; x_wconf 84' lang='lat' dir='ltr'>ac</span> <span class='ocrx_word' id='word_1_79' title='bbox 786 1587 896 1661; x_wconf 88' lang='lat' dir='ltr'>eciam</span> <span class='ocrx_word' id='word_1_80' title='bbox 915 1612 1039 1661; x_wconf 89' lang='lat' dir='ltr'>eorum</span> <span class='ocrx_word' id='word_1_81' title='bbox 1064 1602 1244 1661; x_wconf 89' lang='lat' dir='ltr'>attornato</span> <span class='ocrx_word' id='word_1_82' title='bbox 1268 1603 1341 1660; x_wconf 86' lang='lat' dir='ltr'>tam</span> <span class='ocrx_word' id='word_1_83' title='bbox 1367 1585 1404 1658; x_wconf 90' lang='lat' dir='ltr'>in</span> <span class='ocrx_word' id='word_1_84' title='bbox 1430 1585 1649 1684; x_wconf 85' lang='lat' dir='ltr'>mesuagium</span> 
     </span>
     <span class='ocr_line' id='line_1_12' title="bbox 440 1685 1649 1788; baseline -0.003 -24"><span class='ocrx_word' id='word_1_85' title='bbox 440 1713 545 1764; x_wconf 92' lang='lat' dir='ltr'>suum</span> <span class='ocrx_word' id='word_1_86' title='bbox 587 1687 806 1762; x_wconf 87' lang='lat' dir='ltr'>antedictum</span> <span class='ocrx_word' id='word_1_87' title='bbox 842 1713 949 1788; x_wconf 87' lang='lat' dir='ltr'>quam</span> <span class='ocrx_word' id='word_1_88' title='bbox 987 1689 1024 1761; x_wconf 93' lang='lat' dir='ltr'>in</span> <span class='ocrx_word' id='word_1_89' title='bbox 1066 1689 1259 1788; x_wconf 85' lang='lat' dir='ltr'>predictam</span> <span class='ocrx_word' id='word_1_90' title='bbox 1302 1686 1455 1787; x_wconf 84' lang='lat' dir='ltr'>placeam</span> <span class='ocrx_word' id='word_1_91' title='bbox 1497 1685 1649 1760; x_wconf 89' lang='lat' dir='ltr'>liberum</span> 
     </span>
     <span class='ocr_line' id='line_1_13' title="bbox 440 1787 1651 1889; baseline -0.002 -27"><span class='ocrx_word' id='word_1_92' title='bbox 440 1791 635 1889; x_wconf 88' lang='lat' dir='ltr'>ingressum</span> <span class='ocrx_word' id='word_1_93' title='bbox 660 1803 697 1862; x_wconf 89' lang='lat' dir='ltr'>et</span> <span class='ocrx_word' id='word_1_94' title='bbox 721 1813 926 1888; x_wconf 89' lang='lat' dir='ltr'>egressum:</span> <span class='ocrx_word' id='word_1_95' title='bbox 953 1805 989 1862; x_wconf 95' lang='lat' dir='ltr'>et</span> <span class='ocrx_word' id='word_1_96' title='bbox 1006 1789 1157 1888; x_wconf 89' lang='lat' dir='ltr'>predicti</span> <span class='ocrx_word' id='word_1_97' title='bbox 1182 1787 1304 1862; x_wconf 88' lang='lat' dir='ltr'>Abbas</span> <span class='ocrx_word' id='word_1_98' title='bbox 1328 1803 1364 1861; x_wconf 94' lang='lat' dir='ltr'>et</span> <span class='ocrx_word' id='word_1_99' title='bbox 1382 1788 1590 1862; x_wconf 88' lang='lat' dir='ltr'>Conventus</span> <span class='ocrx_word' id='word_1_100' title='bbox 1614 1802 1651 1860; x_wconf 88' lang='lat' dir='ltr'>et</span> 
     </span>
     <span class='ocr_line' id='line_1_14' title="bbox 440 1886 1650 1990; baseline -0.003 -27"><span class='ocrx_word' id='word_1_101' title='bbox 440 1913 655 1964; x_wconf 84' lang='lat' dir='ltr'>successores</span> <span class='ocrx_word' id='word_1_102' title='bbox 671 1888 725 1961; x_wconf 90' lang='lat' dir='ltr'>sui</span> <span class='ocrx_word' id='word_1_103' title='bbox 742 1905 855 1962; x_wconf 90' lang='lat' dir='ltr'>totam</span> <span class='ocrx_word' id='word_1_104' title='bbox 896 1889 1067 1963; x_wconf 89' lang='lat' dir='ltr'>redictam</span> <span class='ocrx_word' id='word_1_105' title='bbox 1093 1892 1247 1990; x_wconf 87' lang='lat' dir='ltr'>placeam</span> <span class='ocrx_word' id='word_1_106' title='bbox 1265 1906 1358 1963; x_wconf 90' lang='lat' dir='ltr'>terre</span> <span class='ocrx_word' id='word_1_107' title='bbox 1376 1913 1457 1962; x_wconf 92' lang='lat' dir='ltr'>cum</span> <span class='ocrx_word' id='word_1_108' title='bbox 1483 1886 1650 1961; x_wconf 88' lang='lat' dir='ltr'>omnibus</span> 
     </span>
     <span class='ocr_line' id='line_1_15' title="bbox 440 1915 1650 2089; baseline -0.004 -25"><span class='ocrx_word' id='word_1_109' title='bbox 440 1988 664 2089; x_wconf 87' lang='lat' dir='ltr'>pertinenciis</span> <span class='ocrx_word' id='word_1_110' title='bbox 692 1990 764 2062; x_wconf 91' lang='lat' dir='ltr'>suis</span> <span class='ocrx_word' id='word_1_111' title='bbox 798 1915 935 2088; x_wconf 48' lang='lat' dir='ltr'>prefato</span> <span class='ocrx_word' id='word_1_112' title='bbox 964 1991 1119 2065; x_wconf 89' lang='lat' dir='ltr'>Ricardo</span> <span class='ocrx_word' id='word_1_113' title='bbox 1148 1991 1254 2088; x_wconf 88' lang='lat' dir='ltr'>Petyt</span> <span class='ocrx_word' id='word_1_114' title='bbox 1287 2006 1324 2063; x_wconf 89' lang='lat' dir='ltr'>et</span> <span class='ocrx_word' id='word_1_115' title='bbox 1356 1988 1518 2084; x_wconf 88' lang='lat' dir='ltr'>Johanne</span> <span class='ocrx_word' id='word_1_116' title='bbox 1548 1988 1650 2063; x_wconf 87' lang='lat' dir='ltr'>uxori</span> 
     </span>
     <span class='ocr_line' id='line_1_16' title="bbox 441 2088 1652 2190; baseline -0.001 -27"><span class='ocrx_word' id='word_1_117' title='bbox 441 2115 502 2163; x_wconf 92' lang='lat' dir='ltr'>sue</span> <span class='ocrx_word' id='word_1_118' title='bbox 518 2088 705 2163; x_wconf 91' lang='lat' dir='ltr'>heredibus</span> <span class='ocrx_word' id='word_1_119' title='bbox 721 2107 757 2164; x_wconf 93' lang='lat' dir='ltr'>et</span> <span class='ocrx_word' id='word_1_120' title='bbox 774 2091 956 2189; x_wconf 88' lang='lat' dir='ltr'>assignatis</span> <span class='ocrx_word' id='word_1_121' title='bbox 968 2091 1079 2190; x_wconf 87' lang='lat' dir='ltr'>ipsius</span> <span class='ocrx_word' id='word_1_122' title='bbox 1097 2091 1239 2166; x_wconf 87' lang='lat' dir='ltr'>Ricardi</span> <span class='ocrx_word' id='word_1_123' title='bbox 1257 2107 1378 2164; x_wconf 89' lang='lat' dir='ltr'>contra</span> <span class='ocrx_word' id='word_1_124' title='bbox 1390 2115 1513 2164; x_wconf 90' lang='lat' dir='ltr'>omnes</span> <span class='ocrx_word' id='word_1_125' title='bbox 1528 2105 1652 2190; x_wconf 88' lang='lat' dir='ltr'>gentes</span> 
     </span>
     <span class='ocr_line' id='line_1_17' title="bbox 439 2189 1029 2290; baseline 0 -24"><span class='ocrx_word' id='word_1_126' title='bbox 439 2189 739 2266; x_wconf 84' lang='lat' dir='ltr'>warrantizabunt</span> <span class='ocrx_word' id='word_1_127' title='bbox 754 2190 1029 2290; x_wconf 88' lang='lat' dir='ltr'>imperpetuum.</span> 
     </span>
    </p>

    <p class='ocr_par' dir='ltr' id='par_1_4' title="bbox 440 2291 1653 2976">
     <span class='ocr_line' id='line_1_18' title="bbox 517 2291 1651 2392; baseline -0.002 -27"><span class='ocrx_word' id='word_1_128' title='bbox 517 2291 731 2392; x_wconf 85' lang='lat' dir='ltr'>inquorum</span> <span class='ocrx_word' id='word_1_129' title='bbox 748 2291 910 2366; x_wconf 91' lang='lat' dir='ltr'>omnium</span> <span class='ocrx_word' id='word_1_130' title='bbox 927 2291 1171 2366; x_wconf 90' lang='lat' dir='ltr'>testimonium</span> <span class='ocrx_word' id='word_1_131' title='bbox 1187 2307 1224 2366; x_wconf 88' lang='lat' dir='ltr'>et</span> <span class='ocrx_word' id='word_1_132' title='bbox 1241 2291 1349 2366; x_wconf 89' lang='lat' dir='ltr'>fidem</span> <span class='ocrx_word' id='word_1_133' title='bbox 1365 2291 1449 2364; x_wconf 92' lang='lat' dir='ltr'>huic</span> <span class='ocrx_word' id='word_1_134' title='bbox 1465 2291 1598 2391; x_wconf 91' lang='lat' dir='ltr'>scripto</span> <span class='ocrx_word' id='word_1_135' title='bbox 1614 2291 1651 2364; x_wconf 95' lang='lat' dir='ltr'>in</span> 
     </span>
     <span class='ocr_line' id='line_1_19' title="bbox 441 2391 1653 2493; baseline -0.002 -26"><span class='ocrx_word' id='word_1_136' title='bbox 441 2393 590 2468; x_wconf 92' lang='lat' dir='ltr'>modum</span> <span class='ocrx_word' id='word_1_137' title='bbox 607 2393 818 2492; x_wconf 85' lang='lat' dir='ltr'>cyrographi</span> <span class='ocrx_word' id='word_1_138' title='bbox 836 2391 1000 2468; x_wconf 87' lang='lat' dir='ltr'>confecto</span> <span class='ocrx_word' id='word_1_139' title='bbox 1016 2409 1134 2493; x_wconf 90' lang='lat' dir='ltr'>partes</span> <span class='ocrx_word' id='word_1_140' title='bbox 1150 2394 1306 2493; x_wconf 92' lang='lat' dir='ltr'>predicte</span> <span class='ocrx_word' id='word_1_141' title='bbox 1322 2393 1522 2467; x_wconf 91' lang='lat' dir='ltr'>alternatim</span> <span class='ocrx_word' id='word_1_142' title='bbox 1539 2392 1653 2492; x_wconf 85' lang='lat' dir='ltr'>sigilla</span> 
     </span>
     <span class='ocr_line' id='line_1_20' title="bbox 441 2493 1651 2596; baseline -0.003 -28"><span class='ocrx_word' id='word_1_143' title='bbox 441 2519 505 2568; x_wconf 89' lang='lat' dir='ltr'>sua</span> <span class='ocrx_word' id='word_1_144' title='bbox 538 2510 790 2592; x_wconf 87' lang='lat' dir='ltr'>apposuerunt,</span> <span class='ocrx_word' id='word_1_145' title='bbox 821 2494 923 2596; x_wconf 89' lang='lat' dir='ltr'>cujus</span> <span class='ocrx_word' id='word_1_146' title='bbox 952 2520 1022 2568; x_wconf 91' lang='lat' dir='ltr'>una</span> <span class='ocrx_word' id='word_1_147' title='bbox 1051 2520 1130 2595; x_wconf 92' lang='lat' dir='ltr'>pars</span> <span class='ocrx_word' id='word_1_148' title='bbox 1156 2494 1293 2594; x_wconf 87' lang='lat' dir='ltr'>signata</span> <span class='ocrx_word' id='word_1_149' title='bbox 1325 2493 1443 2594; x_wconf 91' lang='lat' dir='ltr'>sigillo</span> <span class='ocrx_word' id='word_1_150' title='bbox 1469 2493 1651 2568; x_wconf 89' lang='lat' dir='ltr'>communi</span> 
     </span>
     <span class='ocr_line' id='line_1_21' title="bbox 440 2593 1652 2695; baseline -0.002 -25"><span class='ocrx_word' id='word_1_151' title='bbox 440 2595 619 2670; x_wconf 89' lang='lat' dir='ltr'>dictorum</span> <span class='ocrx_word' id='word_1_152' title='bbox 643 2593 795 2670; x_wconf 87' lang='lat' dir='ltr'>Abbatis</span> <span class='ocrx_word' id='word_1_153' title='bbox 824 2611 860 2669; x_wconf 92' lang='lat' dir='ltr'>et</span> <span class='ocrx_word' id='word_1_154' title='bbox 886 2595 1095 2671; x_wconf 87' lang='lat' dir='ltr'>Conventus</span> <span class='ocrx_word' id='word_1_155' title='bbox 1117 2595 1241 2670; x_wconf 87' lang='lat' dir='ltr'>Sancte</span> <span class='ocrx_word' id='word_1_156' title='bbox 1267 2595 1497 2695; x_wconf 88' lang='lat' dir='ltr'>Radegundis</span> <span class='ocrx_word' id='word_1_157' title='bbox 1524 2594 1652 2669; x_wconf 86' lang='lat' dir='ltr'>residet</span> 
     </span>
     <span class='ocr_line' id='line_1_22' title="bbox 442 2693 1652 2898; baseline 0.002 -26"><span class='ocrx_word' id='word_1_158' title='bbox 442 2693 956 2898; x_wconf 62' lang='lat' dir='ltr'>hthpttlt‘}hl¹tgllt</span> <span class='ocrx_word' id='word_1_159' title='bbox 972 2697 1523 2898; x_wconf 58' lang='lat' dir='ltr'>illt‘lphlhml‘ltl</span> <span class='ocrx_word' id='word_1_160' title='bbox 1539 2721 1652 2896; x_wconf 64' lang='lat' dir='ltr'>iiim</span> 
     </span>
     <span class='ocr_line' id='line_1_23' title="bbox 443 2896 1282 2976; baseline 0.006 -5"><span class='ocrx_word' id='word_1_161' title='bbox 443 2899 586 2973; x_wconf 88' lang='lat' dir='ltr'>eosdem</span> <span class='ocrx_word' id='word_1_162' title='bbox 603 2896 783 2972; x_wconf 88' lang='lat' dir='ltr'>Abbatem</span> <span class='ocrx_word' id='word_1_163' title='bbox 800 2917 836 2973; x_wconf 94' lang='lat' dir='ltr'>et</span> <span class='ocrx_word' id='word_1_164' title='bbox 854 2899 1083 2974; x_wconf 91' lang='lat' dir='ltr'>Conventum</span> <span class='ocrx_word' id='word_1_165' title='bbox 1099 2899 1282 2976; x_wconf 82' lang='lat' dir='ltr'>recidente.</span> 
     </span>
    </p>

    <p class='ocr_par' dir='ltr' id='par_1_5' title="bbox 443 2998 1653 3274">
     <span class='ocr_line' id='line_1_24' title="bbox 519 2998 1653 3100; baseline 0 -28"><span class='ocrx_word' id='word_1_166' title='bbox 519 3001 612 3072; x_wconf 87' lang='lat' dir='ltr'>Data</span> <span class='ocrx_word' id='word_1_167' title='bbox 628 3024 703 3099; x_wconf 91' lang='lat' dir='ltr'>quo</span> <span class='ocrx_word' id='word_1_168' title='bbox 720 3000 764 3073; x_wconf 86' lang='lat' dir='ltr'>ad</span> <span class='ocrx_word' id='word_1_169' title='bbox 782 2998 959 3097; x_wconf 82' lang='lat' dir='ltr'>prefatum</span> <span class='ocrx_word' id='word_1_170' title='bbox 985 3000 1178 3074; x_wconf 85' lang='lat' dir='ltr'>Ricardum</span> <span class='ocrx_word' id='word_1_171' title='bbox 1196 3001 1291 3100; x_wconf 89' lang='lat' dir='ltr'>apud</span> <span class='ocrx_word' id='word_1_172' title='bbox 1314 3002 1518 3074; x_wconf 91' lang='lat' dir='ltr'>Dovorram</span> <span class='ocrx_word' id='word_1_173' title='bbox 1535 2999 1653 3099; x_wconf 90' lang='lat' dir='ltr'>primo</span> 
     </span>
     <span class='ocr_line' id='line_1_25' title="bbox 443 3099 1653 3274; baseline -0.002 -100"><span class='ocrx_word' id='word_1_174' title='bbox 443 3100 501 3174; x_wconf 87' lang='lat' dir='ltr'>die</span> <span class='ocrx_word' id='word_1_175' title='bbox 527 3101 654 3274; x_wconf 63' lang='lat' dir='ltr'>moepsis</span> <span class='ocrx_word' id='word_1_176' title='bbox 672 3099 777 3174; x_wconf 88' lang='lat' dir='ltr'>Maii.</span> <span class='ocrx_word' id='word_1_177' title='bbox 800 3103 911 3175; x_wconf 93' lang='lat' dir='ltr'>Anno</span> <span class='ocrx_word' id='word_1_178' title='bbox 933 3101 1033 3201; x_wconf 90' lang='lat' dir='ltr'>regni</span> <span class='ocrx_word' id='word_1_179' title='bbox 1060 3101 1166 3200; x_wconf 88' lang='lat' dir='ltr'>Regis</span> <span class='ocrx_word' id='word_1_180' title='bbox 1187 3101 1329 3175; x_wconf 89' lang='lat' dir='ltr'>Ricardi</span> <span class='ocrx_word' id='word_1_181' title='bbox 1351 3101 1496 3176; x_wconf 88' lang='lat' dir='ltr'>secundi</span> <span class='ocrx_word' id='word_1_182' title='bbox 1521 3099 1653 3199; x_wconf 90' lang='lat' dir='ltr'>Anglie</span> 
     </span>
    </p>

    <p class='ocr_par' dir='ltr' id='par_1_6' title="bbox 469 3217 721 3276">
     <span class='ocr_line' id='line_1_26' title="bbox 469 3217 721 3276; baseline 0.008 -3"><span class='ocrx_word' id='word_1_183' title='bbox 469 3217 550 3274; x_wconf 91' lang='lat' dir='ltr'>umt</span> <span class='ocrx_word' id='word_1_184' title='bbox 598 3225 721 3276; x_wconf 83' lang='lat' dir='ltr'>ecrmo.</span> 
     </span>
    </p>

    <p class='ocr_par' dir='ltr' id='par_1_7' title="bbox 443 3227 1653 3700">
     <span class='ocr_line' id='line_1_27' title="bbox 444 3227 1653 3401; baseline 0.001 -28"><span class='ocrx_word' id='word_1_185' title='bbox 444 3227 468 3300; x_wconf 75' lang='lat' dir='ltr'>q</span> <span class='ocrx_word' id='word_1_186' title='bbox 520 3299 606 3373; x_wconf 91' lang='lat' dir='ltr'>Hiis</span> <span class='ocrx_word' id='word_1_187' title='bbox 624 3299 781 3389; x_wconf 83' lang='lat' dir='ltr'>tectibus,</span> <span class='ocrx_word' id='word_1_188' title='bbox 798 3300 960 3399; x_wconf 76' lang='lat' dir='ltr'>johanne</span> <span class='ocrx_word' id='word_1_189' title='bbox 977 3317 1049 3374; x_wconf 88' lang='lat' dir='ltr'>atte</span> <span class='ocrx_word' id='word_1_190' title='bbox 1067 3300 1188 3392; x_wconf 90' lang='lat' dir='ltr'>Halle,</span> <span class='ocrx_word' id='word_1_191' title='bbox 1202 3317 1291 3374; x_wconf 88' lang='lat' dir='ltr'>tunc</span> <span class='ocrx_word' id='word_1_192' title='bbox 1308 3301 1449 3401; x_wconf 86' lang='lat' dir='ltr'>Majore</span> <span class='ocrx_word' id='word_1_193' title='bbox 1464 3324 1474 3390; x_wconf 91' lang='lat'><strong>;</strong></span> <span class='ocrx_word' id='word_1_194' title='bbox 1491 3300 1653 3395; x_wconf 87' lang='lat' dir='ltr'>Johanne</span> 
     </span>
     <span class='ocr_line' id='line_1_28' title="bbox 444 3399 1653 3496; baseline 0 -22"><span class='ocrx_word' id='word_1_195' title='bbox 444 3399 591 3488; x_wconf 90' lang='lat' dir='ltr'>Gerold‚</span> <span class='ocrx_word' id='word_1_196' title='bbox 613 3399 776 3488; x_wconf 89' lang='lat' dir='ltr'>Ballivo;</span> <span class='ocrx_word' id='word_1_197' title='bbox 805 3401 956 3475; x_wconf 88' lang='lat' dir='ltr'>Ricardo</span> <span class='ocrx_word' id='word_1_198' title='bbox 971 3400 1113 3474; x_wconf 89' lang='lat' dir='ltr'>Arnold</span> <span class='ocrx_word' id='word_1_199' title='bbox 1131 3430 1142 3494; x_wconf 89' lang='lat'>;</span> <span class='ocrx_word' id='word_1_200' title='bbox 1167 3401 1327 3496; x_wconf 91' lang='lat' dir='ltr'>Johanne</span> <span class='ocrx_word' id='word_1_201' title='bbox 1344 3401 1444 3476; x_wconf 92' lang='lat' dir='ltr'>Lord</span> <span class='ocrx_word' id='word_1_202' title='bbox 1462 3425 1472 3492; x_wconf 90' lang='lat'>;</span> <span class='ocrx_word' id='word_1_203' title='bbox 1500 3400 1653 3476; x_wconf 87' lang='lat' dir='ltr'>Ricardo</span> 
     </span>
     <span class='ocr_line' id='line_1_29' title="bbox 447 3500 1652 3601; baseline -0.002 -25"><span class='ocrx_word' id='word_1_204' title='bbox 447 3500 618 3588; x_wconf 88' lang='lat' dir='ltr'>Plomer;</span> <span class='ocrx_word' id='word_1_205' title='bbox 654 3501 839 3574; x_wconf 91' lang='lat' dir='ltr'>Willelmo</span> <span class='ocrx_word' id='word_1_206' title='bbox 863 3500 1074 3601; x_wconf 88' lang='lat' dir='ltr'>Engeland;</span> <span class='ocrx_word' id='word_1_207' title='bbox 1115 3502 1277 3597; x_wconf 89' lang='lat' dir='ltr'>Johanne</span> <span class='ocrx_word' id='word_1_208' title='bbox 1304 3503 1461 3600; x_wconf 85' lang='lat' dir='ltr'>Bordyn,</span> <span class='ocrx_word' id='word_1_209' title='bbox 1495 3502 1652 3601; x_wconf 81' lang='lat' dir='ltr'>pistore3</span> 
     </span>
     <span class='ocr_line' id='line_1_30' title="bbox 443 3601 1350 3700; baseline 0.002 -25"><span class='ocrx_word' id='word_1_210' title='bbox 443 3602 605 3697; x_wconf 90' lang='lat' dir='ltr'>Johanne</span> <span class='ocrx_word' id='word_1_211' title='bbox 621 3601 719 3676; x_wconf 86' lang='lat' dir='ltr'>Lade</span> <span class='ocrx_word' id='word_1_212' title='bbox 737 3626 747 3688; x_wconf 93' lang='lat'>;</span> <span class='ocrx_word' id='word_1_213' title='bbox 775 3601 932 3676; x_wconf 89' lang='lat' dir='ltr'>Roberto</span> <span class='ocrx_word' id='word_1_214' title='bbox 952 3602 1056 3700; x_wconf 88' lang='lat' dir='ltr'>Wyt‚</span> <span class='ocrx_word' id='word_1_215' title='bbox 1071 3619 1108 3675; x_wconf 90' lang='lat' dir='ltr'>et</span> <span class='ocrx_word' id='word_1_216' title='bbox 1125 3603 1201 3676; x_wconf 90' lang='lat' dir='ltr'>aliis</span> <span class='ocrx_word' id='word_1_217' title='bbox 1216 3601 1350 3678; x_wconf 89' lang='lat' dir='ltr'>multis.</span> 
     </span>
    </p>
   </div>
   <div class='ocr_carea' id='block_1_4' title="bbox 0 0 1885 5256">
    <p class='ocr_par' dir='ltr' id='par_1_8' title="bbox 0 0 1885 5256">
     <span class='ocr_line' id='line_1_31' title="bbox 0 0 1885 5256; baseline 0 0"><span class='ocrx_word' id='word_1_218' title='bbox 0 0 1885 5256; x_wconf 95' lang='lat' dir='ltr'> </span> 
     </span>
    </p>
   </div>
  </div>
 </body>
</html>
