3716 5290
431 448 505 546 3⁶4
791 448 971 524 noves
997 447 1276 524 enarrans

963 647 1100 728 cvl.

818 819 991 903 xxJulli,
1011 817 1034 887 6
1055 819 1157 890 Edw.
1178 819 1242 908 Vl.

429 973 574 1050 Seiana·
597 989 775 1074 presentes
791 990 828 1048 et
844 971 960 1049 futuri
972 974 1073 1075 quod
1089 999 1170 1076 ego,
1188 974 1362 1048 Ricardus
1380 972 1537 1064 Collard‚
1553 968 1638 1048 dedi

430 1075 581 1149 concessi
616 1093 653 1150 et
689 1075 753 1149 hac
786 1075 938 1174 presenti
978 1091 1074 1151 carta
1106 1101 1185 1149 mea
1212 1075 1394 1150 indentata
1427 1072 1637 1150 confirmavi

432 1175 594 1251 Henrieo
618 1177 749 1276 Jekyn,
776 1191 812 1250 et
836 1175 991 1273 johanni
1015 1175 1121 1273 Jolle,
1139 1202 1253 1251 unum
1279 1177 1500 1276 mesuagium
1525 1199 1637 1248 unum

431 1279 631 1376 pomarium
648 1293 685 1352 et
710 1302 841 1352 novem
857 1301 950 1350 acras
966 1293 1003 1350 et
1025 1277 1210 1351 dimidiam
1226 1302 1341 1350 acram
1366 1293 1458 1350 terre
1474 1293 1511 1350 et
1530 1275 1639 1364 bosci,

430 1379 526 1453 unde
555 1379 694 1453 dictum
719 1377 939 1478 mesuagium
964 1377 1163 1477 pomarium
1185 1395 1222 1452 et
1248 1378 1319 1452 duc
1344 1403 1422 1451 acra
1445 1396 1539 1453 terre
1564 1377 1639 1450 sive

430 1480 548 1553 minus
572 1479 646 1554 sive
669 1477 846 1652 minusp)
872 1503 954 1553 cum
978 1480 1201 1577 pertinenciis
1220 1479 1339 1580 jacent
1363 1495 1401 1552 et
1422 1478 1581 1553 existunt
1602 1478 1639 1550 in

430 1581 596 1678 parochia
620 1581 665 1655 de
690 1581 795 1678 Swyn
812 1579 882 1669 eld,
900 1580 938 1653 in
963 1581 1147 1654 Comitatu
1172 1580 1316 1669 Kancie,
1335 1580 1432 1678 apud
1457 1580 1639 1680 quoddam

430 1681 551 1755 locum
570 1680 766 1780 vulgariter
790 1696 1035 1779 nuncupatum
1061 1681 1242 1780 Everyng,
1265 1682 1311 1755 ad
1335 1682 1470 1781 regiam
1495 1696 1639 1755 stratam

430 1777 702 1858 ibidemversus
727 1782 847 1869 south,
864 1798 901 1855 et
917 1782 1075 1881 predicte
1099 1797 1234 1880 septem
1252 1807 1329 1856 acre
1345 1798 1381 1857 et
1398 1781 1547 1856 dimidia
1562 1805 1640 1853 acra

430 1898 524 1957 terre
540 1897 576 1957 et
593 1883 688 1957 bosci
706 1881 926 1984 conjunctim
938 1883 1057 1984 jacent
1074 1880 1111 1955 in
1129 1883 1242 1956 tribus
1259 1883 1366 1982 peciis
1388 1883 1462 1958 sive
1479 1879 1640 1982 parcellis

431 1983 469 2057 in
494 1983 659 2082 parochia
683 1983 728 2058 de
752 1983 924 2075 Alkham‚
942 1985 980 2057 in
1005 1983 1175 2057 conritatu
1201 1983 1371 2083 predicto,
1416 2007 1541 2057 uarum
1567 2007 1641 2057 una

431 2083 529 2184 pecia
552 2083 738 2158 continens
762 2085 951 2184 qu[atuor]
979 2109 1075 2158 acras
1100 2100 1202 2173 terre,
1219 2101 1344 2160 vocata
1368 2010 1639 2183 hlassyngham,

430 2187 540 2259 altera
556 2184 655 2284 pecia
671 2183 779 2276 bosci,
797 2185 981 2259 continens
998 2211 1106 2258 unam
1123 2209 1238 2258 acram
1261 2201 1298 2260 et
1315 2185 1499 2260 dimidiam
1523 2209 1639 2258 acram

432 2285 542 2376 bosci,
561 2301 685 2360 vocata
709 2286 884 2375 Ghoshet,
907 2301 944 2359 et
968 2285 1078 2360 tercia
1096 2286 1193 2384 pecia
1219 2286 1402 2360 continens
1432 2286 1519 2360 duas
1543 2311 1640 2360 acras

432 2403 524 2460 terre
557 2403 593 2461 ct
626 2387 761 2488 adjacet
793 2385 838 2460 ad
867 2385 1062 2485 predictam
1094 2411 1208 2460 acram
1241 2403 1278 2460 et
1311 2387 1495 2462 dimidiam
1524 2411 1639 2460 acram

432 2487 539 2576 bosci,
557 2503 594 2562 et
611 2512 724 2586 nuper
737 2487 929 2587 perquisita
941 2485 1024 2560 ffuit
1041 2487 1255 2584 deJohanne
1267 2487 1415 2588 Colley:
1435 2487 1584 2561 habend’
1602 2503 1639 2560 et

433 2589 574 2664 tenend'
590 2604 663 2663 tam
690 2589 849 2687 predicta
871 2589 1105 2687 mesuagium,
1130 2589 1344 2686 pomarium,
1369 2605 1406 2662 et
1430 2589 1522 2663 duos
1546 2612 1640 2662 acres

432 2707 525 2763 terre
554 2713 637 2762 cum
659 2688 891 2806 pertinenciis
928 2689 966 2761 in
996 2689 1161 2805 parochia
1191 2690 1251 2806 de·
1264 2687 1443 2788 Swynfeld
1472 2689 1640 2788 predicta,

432 2815 540 2964 tttl
557 2789 1454 2990 l‘ellssiini‘plssmriiiim“prllllliffliiiil
1477 2805 1640 2964 {32³th

431 2991 562 3090 Jekyn,
580 3007 616 3065 et
640 2990 802 3087 Johanne
820 2989 923 3090 Jolle,
941 3007 978 3065 et
1002 2989 1191 3065 heredibus
1206 2993 1279 3066 suis
1304 2992 1579 3091 imperpetuum,
1595 2991 1640 3066 ad

435 3117 541 3165 usum
567 3091 637 3165 mei
667 3091 816 3189 predicti
848 3091 991 3165 Ricardi
1017 3091 1171 3180 Collecti,
1201 3118 1267 3191 pro
1293 3093 1447 3167 termino
1473 3093 1546 3167 vite
1562 3117 1640 3166 mee

433 3192 582 3291 predicti
601 3192 743 3265 Ricardi
769 3191 902 3292 absque
924 3192 1148 3291 impeticione
1170 3193 1272 3283 vasti,
1289 3210 1326 3267 et
1351 3209 1431 3292 post
1456 3193 1638 3268 decessum

434 3292 502 3366 mei
533 3292 683 3390 predicti
712 3292 853 3367 Ricardi
878 3293 924 3367 ad
952 3317 1057 3366 usum
1087 3293 1269 3394 cujusdam
1299 3293 1458 3368 Danielis
1483 3293 1639 3386 Collard,

432 3391 500 3467 filii
527 3391 609 3482 mei,
634 3407 671 3467 et
705 3392 875 3467 heredum
899 3418 1048 3467 suorum
1075 3393 1338 3492 imperpetuum
1363 3394 1409 3469 de
1434 3392 1642 3494 capitalibus

432 3492 588 3569 dominis
604 3491 701 3566 feodi
718 3493 814 3566 illius
830 3519 893 3593 per
910 3493 1054 3568 servicia
1070 3493 1152 3569 inde
1174 3495 1275 3593 prius
1296 3495 1416 3570 debita
1436 3513 1472 3570 et
1492 3496 1537 3570 de
1557 3495 1641 3596 jure

432 3608 621 3669 consueta:
650 3593 701 3668 Et
713 3619 793 3694 ego,
811 3595 989 3693 predictus
1003 3595 1174 3670 Ricardus
1185 3595 1344 3690 Collard,
1356 3612 1393 3671 et
1404 3596 1549 3672 heredes
1559 3597 1641 3687 mei,

432 3695 630 3795 predictum
656 3696 885 3796 mesuagium,
912 3695 1122 3795 pomarium,
1148 3712 1185 3770 et
1219 3714 1334 3772 cetera
1359 3697 1528 3796 premissa
1559 3723 1639 3772 cum

432 3795 657 3896 pertinenciis
690 3794 836 3894 prefatis
866 3796 1030 3871 Henrieo
1061 3797 1192 3895 Jekyn,
1220 3813 1256 3870 et
1285 3797 1438 3892 Johanni
1467 3797 1571 3894 Jolle,
1604 3814 1641 3873 et

432 3896 621 3972 heredibus
653 3896 734 3986 suis,
763 3897 808 3972 ad
841 3922 946 3970 usum
976 3897 1177 3996 predictum
1206 3916 1330 3973 contra
1362 3923 1486 3973 omnes
1518 3917 1641 4002 gentes

434 3996 739 4074 warantizabimus
757 3998 1019 4098 imperpetuum
1036 4023 1100 4098 per
1116 4015 1303 4097 presentes

508 4098 552 4172 In
577 4098 677 4199 cujus
701 4099 751 4172 rei
778 4099 1022 4174 testimonium
1048 4101 1190 4199 utrique
1220 4100 1310 4198 parti
1336 4097 1444 4202 hujus
1467 4101 1641 4200 presentis

433 4215 527 4275 carte
543 4224 620 4274 mec
635 4199 815 4274 indentate
831 4199 988 4305 sigillum
1004 4225 1124 4276 meum
1141 4202 1297 4302 apposui.
