3738 5304
432 465 506 560 360
793 461 974 538 Dovsn
999 461 1279 538 CHARTERS

992 661 1090 743 CV.

755 855 812 905 xx
833 835 1061 920 Neronem.
1082 846 1105 920 5
1126 835 1315 906 211va

433 989 524 1066 Hac
550 991 739 1066 indentura
762 989 855 1067 facta
876 989 1045 1067 vicesimo
1072 989 1132 1064 die
1157 990 1287 1065 mensis
1308 989 1526 1066 Novembris
1547 1013 1642 1064 anno

434 1092 548 1192 Regni
565 1094 714 1167 Domini
733 1092 902 1168 Edwardi
919 1092 1021 1180 sexti,
1037 1092 1106 1165 Dei
1127 1091 1246 1192 gracia
1267 1091 1411 1192 Anglie,
1429 1091 1584 1182 ffrancie,
1603 1106 1641 1164 et

435 1193 614 1268 Hibernie
664 1194 783 1294 Regis,
827 1193 909 1268 fidei
948 1192 1143 1268 defensoris
1184 1217 1225 1267 ac
1269 1193 1307 1266 in
1348 1209 1443 1267 terra
1484 1191 1641 1267 Ecdesie

434 1294 631 1396 Anglicene
659 1313 696 1369 ct
726 1295 922 1370 Hibernicc
948 1293 1111 1392 Supremi
1136 1293 1284 1392 Capitis,
1309 1293 1451 1394 quinto,
1480 1309 1641 1382 testatur,

433 1397 535 1592 puod
562 1395 741 1470 Robertus
764 1397 912 1492 Justioe,
931 1395 1053 1569 Mag-pr
1077 1394 1161 1468 ville
1184 1411 1221 1468 et
1295 1411 1372 1469 rtus
1395 1396 1573 1484 Dovorre,
1606 1411 1643 1468 et

457 1499 612 1571 ohannes
630 1497 778 1587 Hense,
795 1497 974 1594 johannes
1036 1496 1186 1596 uglmon,
1256 1495 1410 1570 illelmus
1429 1495 1642 1584 Unthankc,

435 1613 472 1672 et
489 1599 693 1672 Willelmus
717 1599 873 1698 Beynge,
891 1597 1066 1672 Custodes
1081 1597 1240 1698 ejusdem
1266 1595 1362 1688 ville,
1379 1621 1442 1696 per
1463 1621 1644 1670 assensum

434 1715 471 1773 et
487 1724 697 1773 consensum
713 1699 828 1773 tocius
840 1697 1116 1774 Communitatis
1131 1697 1214 1771 ville
1226 1697 1382 1796 predicte
1398 1714 1644 1772 concesserunt

436 1799 648 1874 dimiserunt
672 1815 709 1873 et
737 1800 782 1873 ad
809 1797 905 1874 feodi
932 1798 1071 1872 firmam
1103 1797 1327 1873 tradiderunt
1351 1797 1493 1872 Thome
1518 1797 1644 1896 ffynet,

436 1899 582 1974 *unum
614 1903 822 1996 Juratorum
856 1899 939 1974 ville
973 1899 1142 1998 predicte,
1179 1924 1292 1972 unum
1316 1899 1537 2000 mesuagium
1562 1923 1644 1973 cum

436 2001 664 2100 pertinenciis
680 2001 870 2074 scituatum
887 2015 923 2074 et
933 2001 1142 2075 existentem
1158 1998 1251 2074 infra
1265 1999 1463 2075 libertatem
1479 2002 1645 2074 Dovorre

437 2101 593 2200 predicte
617 2101 656 2175 in
688 2101 948 2190 Burmanward,
976 2101 1153 2191 videlieet,
1180 2100 1355 2199 capitand’
1380 2126 1425 2174 ex
1450 2127 1521 2175 una
1546 2117 1644 2200 parte

437 2201 481 2275 ad
510 2201 660 2302 Regiam
688 2201 783 2276 viam
809 2201 998 2276 ducentem
1040 2225 1147 2300 supra
1179 2227 1324 2276 murum
1355 2201 1442 2278 ville
1474 2203 1643 2301 predicte,

438 2317 605 2377 vocatum
646 2304 775 2377 Above
825 2302 952 2391 Walle,
997 2327 1119 2377 versus
1160 2303 1352 2394 southeast,
1394 2302 1566 2377 laterand’
1598 2303 1644 2376 ad

440 2428 584 2478 murum
611 2404 706 2480 dicte
739 2401 822 2478 ville
855 2427 979 2480 versus
1004 2404 1230 2493 southcwest,
1257 2404 1431 2503 capitand’
1461 2429 1505 2477 ex
1537 2403 1646 2478 altera

439 2521 538 2604 parte
554 2505 599 2580 ad
615 2505 740 2579 *terre
752 2529 863 2603 nuper
874 2505 1017 2578 Thome
1029 2504 1257 2606 Libeas,jure
1269 2503 1389 2578 uxoris
1400 2529 1474 2594 sue,
1485 2505 1596 2578 modo
1608 2505 1645 2578 in

440 2631 565 2680 manus
581 2606 731 2681 Domini
749 2607 867 2705 Regis,
885 2631 1008 2680 versus
1032 2607 1278 2695 northeweste,
1294 2621 1331 2680 et
1352 2606 1521 2681 laterand’
1540 2605 1646 2780 {pata

439 2705 612 2781 venellam
636 2723 797 2782 vocatam
823 2707 978 2780 Burman
1003 2706 1101 2780 Lane
1121 2731 1247 2781 versus
1263 2706 1466 2781 northeast:
1494 2708 1540 2780 ha
1583 2706 1644 2780 nd'

439 2825 475 2881 et
501 2810 645 2884 tenend'
671 2808 871 2908 predictum
898 2823 1141 2882 tenementum
1168 2831 1250 2881 cum
1277 2806 1442 2882 omnibus
1468 2807 1540 2880 suis
1565 2833 1647 2906 per-

439 2907 601 2983 tinenciis
616 2907 754 3008 prefato
770 2909 911 2983 Thome
928 2908 1094 3008 ffynnett,
1110 2907 1297 2982 heredibus
1313 2925 1349 2982 et
1365 2907 1547 3008 assignatis
1562 2908 1646 2998 suis,

440 3008 570 3084 afesto
594 3010 710 3084 Sancti
740 3009 929 3084 Michaelis
956 3009 1184 3108 Archangelli
1213 3009 1342 3083 ultimo
1370 3009 1541 3108 preterito
1566 3026 1647 3083 ante

439 3110 564 3184 datum
580 3111 750 3209 presentis
765 3136 878 3211 usque
894 3109 939 3183 ad
956 3110 1063 3183 finem
1079 3109 1220 3184 termini
1236 3110 1457 3210 septuaginta
1471 3135 1646 3184 annorum

440 3226 570 3286 extunc
598 3212 842 3310 proximorum
872 3209 1079 3285 futurorum
1103 3212 1272 3311 sequend’
1302 3226 1339 3285 et
1368 3210 1522 3310 plenarie
1548 3236 1648 3285 com-

440 3313 644 3411 pletorum:
672 3311 821 3387 ffaciend
844 3311 926 3386 inde
947 3311 1135 3386 servicium
1161 3312 1308 3386 domino
1327 3328 1450 3387 nostro
1465 3311 1540 3414 regi
1563 3338 1647 3386 cum

440 3413 605 3487 acciderit
628 3412 823 3487 secundum
848 3413 1140 3488 consuetudinem
1164 3412 1249 3486 ville
1264 3428 1301 3487 et
1326 3429 1451 3512 portus
1470 3413 1642 3512 predicti:

440 3538 479 3586 ac
505 3513 612 3586 etiam
641 3513 787 3588 redend’
813 3513 897 3589 inde
924 3515 1108 3587 annuatim
1137 3512 1282 3612 prefatis
1311 3513 1445 3588 Ma'ori
1469 3531 1506 3587 et
1536 3514 1648 3588 Corn-

440 3613 605 3689 munitati
631 3629 667 3688 et
691 3639 814 3688 eorum
831 3615 1098 3704 successoribus,
1116 3640 1228 3689 unum
1254 3639 1322 3688 ann
1381 3639 1437 3688 em
1462 3613 1646 3690 redditum

440 3715 632 3790 tresdecem
647 3714 844 3790 solidorum
868 3732 905 3789 ct
920 3731 1094 3816 quartuor
1109 3715 1334 3790 denariorum
1357 3715 1449 3789 bone
1473 3731 1509 3788 et
1524 3716 1647 3816 legalis

439 3832 581 3890 monete
596 3817 729 3916 Anglie
754 3816 791 3889 in
818 3816 925 3890 Festo
940 3817 1207 3916 Assumpcionis
1231 3815 1330 3890 beate
1355 3816 1472 3889 Marie
1489 3815 1648 3917 Virginis

438 3916 598 3992 solvend’
639 3918 844 3991 annuatim:
891 3934 928 3991 et
977 3917 1006 3990 si
1057 3917 1240 4016 contingat
1280 3916 1418 3991 dictum
1459 3918 1646 3992 annualem

438 4018 619 4093 redditum
635 4018 829 4092 tresdecem
845 4018 1042 4092 solidorum
1058 4033 1095 4092 et
1120 4035 1275 4118 quatuor
1289 4017 1514 4092 denariorum
1531 4035 1648 4093 aretro

438 4116 516 4192 fore
534 4144 606 4193 non
622 4119 792 4208 solutum,
820 4119 856 4192 in
882 4135 981 4220 parte
1004 4119 1063 4192 vel
1089 4118 1126 4192 in
1144 4135 1234 4210 toto,
1260 4143 1323 4219 per
1339 4119 1550 4218 quindecem
1570 4121 1647 4195 dies

439 4221 621 4315 proximos
637 4220 806 4320 sequend’
821 4235 902 4318 post
915 4218 1047 4293 festum
1060 4220 1260 4318 predictum
1272 4219 1294 4261 *
1303 4245 1394 4319 quos
1405 4221 1498 4293 solvi
1510 4220 1647 4313 debeat,

438 4319 508 4395 vell
525 4319 623 4420 quod
640 4321 825 4420 contingat
849 4336 885 4393 et
903 4321 1041 4396 dictum
1058 4319 1294 4422 messuagium
1318 4344 1400 4395 cum
1423 4321 1648 4419 pertinenciis
