3738 5304
837 465 1017 539 DOVER
1043 463 1323 538 CHARTERS

988 766 1078 845 XC
1092 765 1110 842 1
1124 765 1180 842 X.

809 944 847 1008 ix
869 941 1046 1022 Octobris,
1067 939 1110 1008 ab
1132 942 1224 1009 Hera
1245 940 1347 1008 v111.

476 1097 691 1172 Hanarcus
718 1099 879 1170 Octavus
901 1096 958 1170 dei
982 1097 1098 1195 gracia
1117 1097 1251 1196 Anglie
1276 1113 1312 1170 et
1337 1095 1481 1170 ffrancie
1500 1098 1586 1183 Rex,
1601 1095 1682 1168 fidei

473 1197 651 1287 defensor,
685 1217 721 1272 et
749 1198 928 1272 Dominus
957 1197 1145 1288 Hibernis,
1176 1197 1374 1272 Predilecto
1400 1214 1436 1270 ct
1470 1196 1564 1270 fideli
1599 1221 1684 1268 con-

474 1298 606 1374 siliario
640 1325 707 1373 suo
756 1299 926 1400 Georgio,
965 1299 1114 1373 domino
1158 1297 1370 1389 Rocheford‚
1414 1298 1685 1372 constabulario

476 1400 593 1475 Castri
627 1403 803 1492 Dovorre‚
837 1425 877 1472 ac
920 1400 1070 1474 Custodi
1113 1401 1274 1499 quinque
1313 1400 1490 1473 Portuum
1523 1423 1680 1484 suorum,

475 1501 696 1602 Dilectisque
724 1518 760 1575 et
785 1501 950 1577 fidelibus
966 1501 1039 1574 suis
1054 1500 1207 1595 Johanni
1225 1499 1351 1589 Hales,
1369 1501 1431 1573 uni
1449 1502 1627 1574 Baronum
1640 1500 1685 1572 de

475 1604 646 1676 scaccario
662 1629 739 1692 suo,
757 1619 792 1676 et
812 1601 1009 1676 Cristofero
1027 1601 1152 1693 Hales,
1170 1601 1332 1676 Generali
1349 1603 1546 1676 Attornato
1558 1626 1634 1689 suo,
1645 1627 1684 1673 ac

474 1703 613 1778 dilectis
649 1704 721 1778 suis
749 1705 901 1798 Johanni
930 1703 1093 1801 Paynter‚
1124 1703 1267 1776 Thome
1305 1702 1359 1774 Va
1409 1703 1489 1792 han,
1525 1701 1683 1775 Roberto

475 1805 699 1894 Nethersole‚
741 1804 896 1898 Johanni
935 1803 1051 1895 Elam,
1096 1805 1248 1878 Ricardo
1291 1803 1385 1877 Com
1409 1830 1464 1902 ye,
1504 1803 1684 1878 Edwardo

477 1907 599 2003 Maye‚
633 1905 785 1999 johanni
829 1904 958 1997 Bowle,
1000 1921 1037 1978 et
1079 1905 1270 2002 Radulpho
1312 1903 1682 2004 Bufkyn-Salutem.

474 2006 596 2080 Sciatis
611 2006 709 2106 quod
736 2031 800 2079 nos
820 2007 864 2080 de
884 2003 1112 2080 fidelitatibus
1134 2022 1170 2079 et
1193 2005 1352 2103 providis
1375 2006 1684 2104 circumspccioni-

476 2106 543 2180 bus
572 2108 698 2180 vestris
722 2107 861 2204 plenius
885 2107 1101 2181 confidentes
1123 2105 1378 2206 assignavimus
1403 2132 1480 2196 vos,
1496 2132 1536 2180 ac
1561 2123 1683 2181 tenore

475 2207 706 2308 presencium,
748 2207 874 2280 damus
916 2205 1029 2295 vobis,
1072 2223 1108 2279 et
1149 2207 1289 2281 duobus
1331 2223 1500 2295 vestrum,
1543 2208 1683 2305 plenam

474 2323 686 2406 potestatem
703 2326 740 2382 et
759 2308 1006 2382 auctoritatem
1031 2308 1189 2408 capiend'
1206 2324 1243 2382 et
1268 2309 1455 2409 recipiend'
1472 2325 1686 2383 sacramenta

474 2426 511 2483 et
527 2409 713 2484 fidelitates
730 2409 892 2484 omnium
908 2426 945 2482 et
970 2409 1192 2508 singulorum
1209 2410 1386 2510 ligeorum
1403 2426 1439 2484 et
1456 2410 1682 2484 subditorum

475 2527 679 2584 nostrorum
706 2535 1013 2610 quorumcumque
1030 2527 1102 2584 tam
1119 2509 1353 2610 spiritualium
1379 2537 1487 2610 quam
1504 2529 1684 2609 tempora-

475 2611 576 2704 lium,
595 2612 867 2686 inhabitantium
889 2628 926 2686 et
948 2611 1180 2686 residentium
1206 2610 1299 2685 infra
1314 2612 1445 2686 Villam
1470 2629 1506 2685 et
1531 2612 1682 2685 Portum

474 2715 520 2788 de
549 2714 726 2805 Dovorra,
764 2729 800 2786 et
834 2710 992 2786 membra
1020 2711 1190 2813 ejusdcm,
1218 2739 1290 2812 que
1324 2729 1406 2787 sunt
1444 2714 1489 2787 de
1521 2711 1682 2786 libertate

501 2815 633 2914 uinque
650 2831 835 2930 portuum,
849 2814 1103 2914 cujuscumque
1114 2815 1246 2914 gradus
1263 2829 1375 2888 status
1391 2839 1453 2887 seu
1466 2813 1683 2888 condicionis

474 2839 622 3005 inerint,
651 2930 755 3015 Juxta
783 2914 859 2988 vim
889 2913 1042 2989 formam
1075 2931 1112 2988 et
1147 2913 1314 2988 effectum
1342 2915 1527 3015 cujusdam
1557 2915 1681 2988 statuti

474 3015 510 3088 in
538 3016 692 3114 presenti
720 3015 956 3091 Parliamento
986 3032 1108 3089 nostro
1137 3016 1180 3089 ad
1206 3015 1441 3106 securitatem,
1471 3031 1613 3102 statum,
1646 3031 1681 3088 et

473 3117 727 3191 successionem
757 3134 892 3191 nostras
920 3116 1150 3191 conservend'
1170 3115 1258 3190 editi
1286 3141 1327 3190 ac
1349 3115 1493 3215 provisi,
1519 3143 1558 3189 ac
1578 3117 1683 3217 juxta

474 3234 635 3292 tenorem
677 3219 880 3292 sacramenti
925 3217 1144 3316 presentibus
1186 3217 1340 3304 annexi;
1365 3233 1401 3290 et
1439 3242 1522 3290 cum
1558 3219 1680 3292 eadem

473 3334 688 3394 sacramenta
704 3319 752 3392 sic
777 3318 951 3418 reperitis,
969 3343 1033 3392 nos
1050 3319 1094 3392 de
1121 3318 1321 3392 nominibus
1337 3343 1460 3392 eorum
1478 3317 1680 3419 hujusmodi

473 3436 690 3494 sacramenta
713 3444 831 3493 coram
857 3420 959 3494 vobis
984 3419 1188 3519 prestabant
1205 3419 1242 3492 in
1268 3419 1505 3493 cancellariam
1523 3436 1681 3494 nostram

472 3518 539 3593 sub
581 3520 706 3621 sigillis
748 3521 884 3612 vestris,
920 3522 978 3594 vel
1011 3522 1167 3595 duorum
1204 3537 1375 3613 vestrum,
1402 3520 1476 3593 sine
1512 3520 1680 3595 dilatione

471 3621 628 3697 reddatis
669 3621 860 3696 certiores:
900 3623 1120 3696 remittentes
1149 3622 1251 3695 nobis
1280 3622 1342 3695 has
1371 3621 1504 3695 litteras
1542 3639 1681 3696 nostras

470 3739 653 3822 patentes:
696 3738 733 3797 et
759 3723 840 3797 ideo
873 3722 974 3797 vobis
1003 3723 1211 3798 mandamus
1243 3723 1342 3822 quod
1385 3723 1474 3795 circa
1512 3723 1682 3821 premissa

472 3825 662 3926 diligenter
677 3825 868 3900 intendatis
892 3850 931 3898 ac
947 3850 987 3898 ea
999 3823 1133 3900 faciatis
1150 3840 1186 3897 et
1201 3823 1424 3923 exequamini
1438 3849 1518 3898 cum
1536 3824 1677 3900 effectu.
