3756 5270
456 463 528 559 256
825 462 1005 535 DOVER
1032 461 1306 536 CHARTERS

934 661 1026 740 tx
1038 661 1083 740 X
1095 661 1140 740 X
1154 662 1186 743 1.

797 827 854 910 viij
877 827 1047 909 Augusti,
1070 842 1109 894 12
1131 827 1229 894 Edw·
1255 828 1314 894 1v.

455 976 546 1050 Hac
574 977 763 1050 indentura
795 991 945 1049 testatur
978 977 1076 1077 quod
1110 977 1270 1050 Thomas
1304 975 1499 1060 Hexstalle‚
1533 975 1666 1074 Major,

453 1077 632 1170 Johannes
666 1077 817 1176 Penyot,
851 1075 1034 1150 Galfridus
1067 1077 1206 1165 Elham‚
1240 1075 1437 1150 Nicholaus
1471 1076 1500 1148 F
1501 1074 1596 1174 syne,
1630 1089 1667 1148 et

452 1179 630 1273 Johannes
663 1176 800 1265 Crosse,
844 1175 1018 1251 Custodes
1061 1177 1191 1251 Portus
1225 1179 1403 1265 Dovorre,
1446 1177 1589 1251 nomine
1630 1192 1667 1249 et

453 1303 594 1353 assensu
618 1279 734 1354 tocius
750 1277 1026 1352 Communitatis
1043 1296 1170 1376 portus
1195 1277 1344 1377 predicti
1368 1293 1614 1351 concesserunt
1630 1294 1665 1351 et

453 1379 497 1454 ad
528 1377 622 1453 feodi
657 1380 794 1454 firmam
821 1379 1033 1453 dimiserunt
1057 1378 1192 1474 Jacobo
1226 1381 1354 1479 Yonge
1379 1405 1485 1452 unam
1513 1379 1664 1477 placeam

454 1497 546 1554 terre
579 1507 687 1554 vacue
711 1481 886 1582 jacentem
917 1478 1009 1553 infra
1042 1479 1239 1554 libertatem
1270 1480 1401 1553 Portus
1430 1481 1595 1553 Dovorre
1628 1479 1665 1551 in

453 1581 669 1679 Oxyswarde
686 1581 779 1654 inter
796 1596 926 1654 terram
952 1580 1127 1654 Willelmi
1144 1583 1263 1654 Broke
1279 1605 1401 1654 versus
1421 1597 1515 1669 west,
1536 1595 1664 1654 terram

453 1682 623 1777 Johannis
637 1681 799 1757 Marable
813 1707 934 1755 versus
952 1682 1070 1770 north,
1083 1698 1211 1756 terram
1224 1681 1395 1778 Johannis
1411 1681 1528 1780 Pepyr
1545 1705 1668 1754 versus

453 1800 515 1872 est,
545 1800 582 1856 et
612 1807 755 1857 murum
786 1781 870 1856 ville
899 1783 1041 1871 south3
1078 1781 1227 1857 habend’
1249 1799 1286 1855 et
1311 1782 1453 1856 tenend'
1470 1782 1664 1882 predictam

452 1884 605 1983 placeam
623 1898 713 1957 terre
731 1908 811 1957 cum
837 1883 909 1956 suis
927 1883 1151 1982 pertinenciis
1168 1881 1305 1983 prefato
1328 1883 1462 1979 Jacobo
1479 1881 1664 1957 heredibus

452 2000 487 2058 et
513 1984 694 2084 assignatis
719 1985 790 2057 suis
813 2009 834 2056 a
858 1983 964 2058 Festo
986 1983 1101 2058 Sancti
1124 1984 1312 2058 Michaelis
1336 1983 1551 2086 Archangeli
1570 2007 1665 2056 anno

453 2086 551 2186 regni
579 2085 686 2184 Regis
711 2083 876 2159 Edwardi
904 2085 1022 2183 quarti
1049 2083 1263 2159 duodecimo
1286 2087 1467 2184 usquead
1496 2086 1602 2158 finem
1628 2101 1665 2157 et

453 2186 647 2259 terminum
663 2183 791 2283 viginti
815 2209 989 2258 annorum
1016 2201 1145 2260 extunc
1171 2185 1413 2314 proximorum
1440 2185 1663 2286 sequentium

453 2303 489 2360 et
516 2284 669 2384 plenarie
694 2283 980 2385 completorum:
1019 2285 1170 2360 ffaciend
1204 2287 1286 2363 inde
1311 2287 1497 2360 servicium
1527 2286 1663 2360 domini

453 2387 548 2487 regis
564 2411 646 2460 cum
668 2387 825 2462 evenerit
842 2386 1038 2460 secundum
1061 2387 1356 2461 consuetudinem
1374 2405 1498 2486 portus
1514 2387 1662 2485 predicti

452 2504 489 2560 et
518 2487 687 2562 reddend’
711 2486 794 2560 inde
823 2486 916 2560 dicte
946 2487 1204 2562 Communitati
1235 2504 1271 2562 et
1304 2488 1561 2563 successoribus
1590 2487 1663 2560 suis

452 2590 633 2663 annuatim
676 2589 712 2661 in
756 2589 863 2662 Festo
903 2588 1173 2687 Assumpcionis
1205 2589 1304 2664 beate
1351 2590 1467 2662 Marie
1506 2588 1663 2688 Virginis

453 2689 530 2791 iiij0'
562 2689 724 2764 denarios
756 2687 915 2763 annualis
949 2689 1131 2766 redditus:
1177 2708 1214 2764 et
1243 2691 1272 2763 si
1307 2691 1492 2789 contingat
1524 2690 1661 2764 dictum

453 2791 634 2866 redditum
661 2791 737 2892 iiij⁰¹
763 2790 990 2865 denariorum
1011 2806 1125 2864 metro
1150 2790 1226 2866 fore
1251 2791 1289 2863 in
1314 2807 1412 2890 parte
1436 2789 1493 2864 vel
1520 2789 1556 2863 in
1583 2806 1663 2866 toto

454 2890 545 2966 ultra
562 2893 759 2990 predictum
777 2891 909 2965 festum
927 2890 1112 2965 solutionis
1128 2906 1214 2966 tunc
1237 2891 1323 2964 bene
1339 2891 1458 2966 licebit
1477 2891 1609 2991 Majori
1626 2907 1662 2964 et

454 2993 676 3067 Custodibus
691 2993 850 3094 ejusdem
868 2993 1000 3066 Portus
1016 2994 1079 3092 qui
1097 3017 1164 3091 pro
1183 3010 1343 3091 tempore
1360 2992 1493 3066 fuerint
1519 2990 1662 3065 nomine

452 3093 547 3168 dicte
582 3091 859 3167 Communitatis
892 3109 928 3166 et
961 3117 1084 3167 eorum
1124 3119 1363 3168 successorum
1397 3093 1433 3166 in
1467 3093 1662 3193 predictam

453 3193 606 3293 placeam
623 3209 714 3267 terre
740 3193 960 3292 distringere,
979 3209 1016 3266 et
1037 3193 1278 3268 districciones
1295 3196 1343 3267 sic
1360 3213 1477 3294 captas
1493 3194 1662 3269 abducere

452 3311 489 3367 et
505 3294 656 3368 retinere
673 3318 857 3394 quousque
886 3294 931 3368 de
947 3295 1108 3393 predicto
1124 3295 1266 3369 redditu
1282 3312 1318 3368 et
1334 3297 1379 3369 de
1397 3293 1562 3369 omnibus
1579 3294 1661 3368 inde

453 3394 635 3494 arreragiis
663 3394 761 3469 illiiis
790 3395 823 3491 (ἓ
836 3393 923 3491 illis)
952 3393 1104 3494 plenarie
1133 3395 1240 3470 fuerit
1269 3396 1487 3472 satisfactum
1514 3411 1551 3468 et
1581 3420 1662 3493 per-

453 3495 637 3570 solutum:
684 3495 710 3568 si
748 3521 836 3568 vero
864 3495 982 3569 dictus
1008 3495 1169 3570 redditus
1202 3512 1317 3570 aretro
1351 3496 1459 3570 fuerit
1491 3497 1528 3570 in
1561 3513 1661 3595 parte

453 3594 509 3669 vel
536 3596 572 3668 in
591 3611 670 3669 toto
695 3597 790 3672 ultra
812 3595 1004 3669 terminum
1031 3598 1218 3671 solutionis
1241 3599 1440 3694 predictum
1465 3622 1527 3695 per
1548 3622 1659 3671 unum

453 3713 658 3795 quarterum
689 3697 770 3769 anni
811 3712 848 3770 et
881 3695 1058 3771 districcio
1093 3699 1267 3771 sufficiens
1300 3699 1344 3772 ad
1386 3700 1543 3771 valorem
1573 3697 1659 3772 dicti

453 3798 614 3873 redditus
631 3795 707 3897 iiij«
723 3797 948 3872 denariorum
965 3798 1002 3870 in
1015 3797 1172 3897 predicta
1189 3798 1405 3898 placeaterre
1422 3798 1570 3872 inveniri
1588 3824 1660 3872 non

453 3899 595 3997 poterit,
629 3913 714 3972 tunc
746 3897 882 3972 licitum
924 3899 969 3972 sit
1004 3899 1137 3999 Majori
1172 3916 1208 3972 et
1238 3900 1457 3975 Custodibus
1499 3899 1561 3999 qui
1592 3924 1659 3999 pro

453 4015 611 4099 tempore
657 3999 791 4074 fuerint
838 3999 982 4073 nomine
1023 3999 1118 4074 dicte
1154 3999 1429 4075 Communitatis
1461 4016 1498 4075 et
1535 4026 1659 4074 eorum

451 4125 691 4175 successorum
708 4099 744 4173 in
762 4099 955 4200 predictam
968 4100 1120 4199 placeam
1134 4116 1226 4175 terre
1244 4127 1324 4175 cum
1343 4102 1415 4175 suis
1425 4101 1658 4200 pertinenciis,

452 4203 488 4274 in
514 4227 822 4318 quorumcumque
851 4227 975 4275 manus
999 4201 1231 4300 imposterum
1261 4203 1454 4291 devenerit,
1489 4203 1658 4276 reintrare

450 4303 609 4376 resercire
636 4320 671 4378 et
689 4303 864 4400 possidere
888 4303 925 4375 in
942 4318 1036 4375 statu
1052 4303 1203 4401 pristino
1219 4303 1503 4402 imperpetuum:
1524 4329 1659 4377 necnon

451 4403 599 4502 predicti
634 4403 755 4505 Major
788 4420 825 4476 et
858 4403 1031 4478 Custodes
1065 4403 1276 4478 dimiserunt
1302 4421 1338 4478 et
1368 4405 1511 4478 nomine
1545 4405 1659 4478 tocius
