3726 5256
444 450 488 518 82
804 439 981 514 DOVER
1008 438 1284 518 CHARTERS

443 641 559 716 brevis
596 640 641 714 ad
679 663 769 737 opus
807 637 892 717 dicti
927 637 1133 714 Godescalci
1168 638 1242 712 fieri
1278 665 1350 715 non
1388 637 1548 715 debeant.
1600 639 1650 714 Et

444 741 623 842 predictus
640 739 853 816 Vincencius
877 739 964 814 dicit
990 741 1088 839 quod
1112 765 1173 840 per
1200 742 1307 814 breve
1334 741 1472 816 domini
1491 741 1598 842 Regis
1614 759 1651 815 et

355 847 357 854 '
445 867 507 943 per
545 841 753 918 mandatum
787 840 923 916 domini
957 839 1219 916 constabularii
1248 841 1331 916 inde
1361 841 1537 917 directum
1566 867 1652 942 sup-

688 941 834 1042 ponitur
859 957 947 1016 tunc
973 941 1152 1043 Majorem
1177 940 1271 1016 Ville
1294 943 1339 1016 de
1373 942 1586 1043 Wynchelse
1615 958 1651 1017 et

446 1047 633 1120 Restitutio.
686 1043 864 1116 Ballivum
891 1041 1050 1143 ejusdem
1078 1043 1160 1117 ville
1187 1068 1292 1143 super
1314 1043 1491 1142 premissis
1506 1069 1652 1143 respon-

687 1167 800 1217 suros.
853 1144 903 1216 Et
920 1168 982 1242 per
998 1160 1184 1218 retornum
1201 1145 1359 1219 mandati
1376 1147 1475 1220 dicto
1500 1145 1652 1220 Custodi

447 1262 488 1321 ut
518 1245 738 1345 premittitur
767 1259 910 1344 apparet
940 1245 1038 1345 quod
1068 1245 1276 1320 Valentinus
1304 1247 1349 1322 de
1378 1248 1541 1321 Dovorra
1567 1264 1653 1322 tunc

449 1346 569 1449 Major
598 1346 692 1420 dicte
722 1344 805 1419 ville
834 1360 996 1420 mortuus
1024 1361 1089 1435 est,
1118 1362 1155 1420 et
1180 1372 1253 1420 non
1280 1345 1447 1446 intelligit
1464 1347 1563 1448 quod
1579 1346 1654 1446 ipse

447 1449 523 1523 sine
539 1446 787 1521 executoribus
802 1446 939 1521 dictum
956 1444 1186 1520 Valentinum
1206 1447 1254 1546 [l]
1279 1447 1490 1547 respondere
1506 1448 1653 1524 debeat:

449 1550 500 1624 Et
537 1548 620 1649 quia
649 1548 758 1623 Curis
787 1545 864 1620 vult
893 1572 998 1646 super
1028 1549 1105 1626 istis
1128 1545 1323 1637 informari,
1353 1550 1469 1622 Datus
1497 1565 1550 1622 est
1578 1549 1654 1624 dies

449 1649 609 1748 partibus
633 1665 686 1724 est
708 1647 810 1744 Jovis
835 1649 1001 1746 proximo
1017 1665 1098 1747 post
1117 1647 1282 1748 [festum]
1303 1648 1516 1724 inventionis
1532 1652 1654 1724 Sancte

712 1749 837 1823 Crucis
888 1749 1091 1848 proximum
1137 1749 1327 1824 futurum:
1381 1751 1431 1824 Et
1477 1752 1655 1849 predictus

449 1852 652 1926 Attomattts.
711 1850 931 1924 Godescalkc
957 1851 1059 1948 ponit
1089 1850 1169 1926 loco
1198 1877 1264 1925 suo
1295 1850 1498 1926 Henricum
1524 1851 1656 1951 Glyant

711 1965 942 2026 mercatorem
955 1953 1145 2024 Almannie
1157 1968 1192 2026 et
1210 1951 1406 2028 Robcrtum
1418 1952 1463 2027 de
1476 1952 1656 2027 Caustone

450 2050 670 2225 conjppffi
695 2067 731 2123 et
747 2050 925 2226 (pislisim
947 2053 1003 2168 'Et
1023 2053 1441 2227 lpredictusdl'incencius
1458 2055 1561 2152 ponit
1577 2052 1657 2128 loco

449 2177 514 2226 suo
565 2179 588 2226 o
668 2176 730 2224 um
772 2176 792 2224 e
839 2177 928 2224 enne
945 2177 1023 2251 mp
1057 2169 1129 2227 crto
1146 2179 1208 2251 pre
1234 2171 1317 2228 icto.

526 2349 638 2424 Breve
662 2349 799 2426 domini
831 2348 937 2448 Regis
953 2348 1127 2424 directum
1145 2348 1214 2426 fuit
1231 2351 1381 2426 Custodi
1399 2353 1559 2453 quinque
1576 2375 1659 2452 por-

451 2467 556 2526 tuum
578 2451 703 2524 harum
719 2449 844 2524 scriem
861 2452 1055 2526 continens

527 2647 731 2740 Edwardus,
743 2666 800 2722 etc.
840 2649 1014 2745 Querelam
1030 2649 1199 2742 Jobannis
1212 2650 1251 2723 de
1265 2653 1383 2738 Mare,
1403 2651 1603 2723 Mercatotis
1621 2650 1660 2722 de

456 2749 585 2842 Jeme,
603 2765 636 2821 et
652 2749 751 2823 Petri
769 2748 951 2841 Jobannis,
971 2754 1171 2825 Mercatoris
1187 2753 1226 2824 de
1235 2748 1414 2843 fflorentia,
1443 2770 1475 2824 et
1502 2755 1660 2824 sociorum

452 2874 592 2940 suomm,
607 2853 782 2950 recepimus
795 2854 1016 2942 continentem,
1030 2870 1085 2926 etc.
1105 2868 1212 2951 prout
1230 2867 1327 2950 patet
1345 2853 1381 2924 in
1399 2851 1508 2930 brevi.

531 3048 582 3122 Et
611 3063 731 3145 postea
760 3047 876 3122 dictus
902 3049 1080 3142 Johannes
1108 3067 1145 3124 et
1163 3049 1291 3150 Petrus
1316 3068 1505 3148 opponunt
1529 3076 1577 3140 se,
1595 3066 1662 3124 etc.

457 3149 563 3264 Utin
580 3148 733 3248 quadam
751 3149 874 3222 cedula
891 3164 999 3248 patet,
1018 3165 1081 3225 etc
1136 3151 1187 3223 Et
1202 3147 1333 3223 habent
1349 3150 1444 3223 diem
1462 3168 1588 3251 partes,
1607 3150 1665 3224 die

454 3250 556 3344 Jovrs
598 3249 763 3348 proximo
805 3266 886 3347 post
928 3247 1060 3323 festum
1108 3249 1322 3323 inventionis
1367 3251 1491 3326 Sancte
1539 3252 1664 3325 Crucis

458 3349 659 3448 proximum
685 3347 859 3436 futurum,
887 3364 954 3422 etc.

533 3544 645 3617 Breve
656 3543 791 3617 domini
802 3543 909 3644 Regis
919 3545 1125 3618 mandatum
1137 3543 1206 3619 fuit
1218 3571 1284 3644 pro
1295 3547 1420 3620 Priore
1432 3549 1548 3622 Sancti
1563 3549 1666 3623 Mar-

459 3645 525 3720 tini
552 3644 597 3718 de
624 3646 789 3718 Dovorra
815 3645 852 3718 in
880 3645 944 3718 hec
972 3645 1098 3722 verba:
1124 3646 1328 3736 Edwardus,
1356 3665 1421 3722 etc.
1475 3649 1561 3724 ldeo
1587 3676 1667 3750 pre-

458 3747 700 3844 scriptumest
718 3744 852 3846 Majori
869 3761 905 3818 et
922 3746 1060 3820 Ballivo
1076 3749 1242 3821 Dovorre
1263 3750 1361 3849 quod
1386 3750 1507 3825 venire
1532 3751 1668 3826 faciunt

459 3847 519 3920 xii.
538 3847 669 3945 probos
683 3863 720 3920 et
736 3847 863 3946 legales
879 3848 1052 3937 homines,
1069 3865 1149 3940 etc,
1168 3849 1265 3950 quod
1283 3851 1354 3924 sint
1371 3876 1488 3925 coram
1507 3853 1668 3927 Custode

461 3946 518 4022 vel
535 3947 610 4048 ejus
626 3948 705 4021 loco
723 3963 865 4022 tenente
882 3948 925 4021 ad
952 3949 1144 4023 Ecclesiam
1170 3951 1283 4025 Sancti
1311 3952 1434 4050 Jacobi
1460 3953 1505 4027 ad
1530 3956 1669 4056 inquir-

461 4047 727 4223 ‘ndumaliuffr
753 4048 918 4122 omnibus
943 4065 980 4122 et
1007 4050 1157 4150 singulis
1183 4052 1221 4125 in
1247 4052 1346 4127 dicto
1364 4053 1460 4128 brevi
1479 4057 1668 4144 contentis,

463 4167 544 4241 etc„
569 4165 583 4221 t
617 4175 629 4221 1
680 4175 723 4238 re,
750 4166 816 4222 etc.
