3728 5256
433 479 505 552 216
793 476 973 552 DOVER
1000 474 1281 550 CHARTERS

432 675 555 748 modas
581 675 782 750 securitates
809 675 913 773 pacis,
941 688 1022 748 ante
1048 673 1203 748 eundem
1222 699 1359 748 nonum
1382 673 1477 748 diem
1494 675 1637 774 Aprilis,

433 777 593 849 similiter
624 773 842 850 forisfactus:
883 777 1047 849 Aceciam
1084 775 1208 850 tercias
1236 792 1273 850 et
1303 777 1488 850 tertiarum
1517 775 1641 851 tercias

431 878 720 950 omnimodorum
763 877 1040 976 prisonariorum
1077 878 1113 950 in
1144 902 1271 978 guerra
1303 893 1487 975 captorum
1529 877 1640 967 nobis,

432 978 528 1051 dicto
557 1004 652 1052 nono
679 979 736 1052 die
763 977 909 1074 Aprilis,
936 978 1238 1078 qualitercumque
1264 975 1398 1052 debitas
1427 979 1642 1077 pertinentes

431 1101 493 1152 seu
517 1095 712 1177 spectantes
745 1103 808 1176 per
839 1079 982 1153 eosdem
1017 1078 1207 1180 Majorem,
1240 1079 1428 1169 Ballivum,
1460 1095 1497 1154 et
1530 1080 1642 1153 Com-

433 1180 668 1267 munitatem
707 1203 844 1254 necnon
881 1180 1105 1254 omnimodas
1138 1181 1441 1279 transgressiones,
1478 1179 1640 1268 offensas,

433 1281 680 1378 misprisiones,
697 1296 933 1378 contemptus,
950 1297 985 1354 et
1007 1281 1248 1379 impeticiones
1265 1305 1327 1378 per
1340 1281 1436 1378 ipsos
1450 1280 1639 1382 Majorem,

432 1381 619 1470 Ballivum,
655 1397 692 1454 et
727 1380 1033 1455 communitatem
1069 1397 1150 1454 ante
1189 1382 1325 1456 dictum
1366 1407 1502 1456 nonum
1543 1384 1639 1457 diem

433 1483 569 1583 Aprilis
611 1498 733 1556 contra
775 1480 927 1556 formam
959 1498 1033 1556 tarn
1068 1506 1377 1582 quorumcumque
1413 1499 1639 1576 statutorum,

432 1583 723 1674 ordinacionium‚
751 1599 787 1656 et
817 1585 1062 1682 provisionum
1096 1600 1176 1656 ante
1208 1585 1344 1658 dictum
1375 1609 1509 1658 nonum
1545 1586 1640 1659 diem

432 1685 579 1782 Aprilis,
597 1682 775 1758 factorum
794 1685 866 1757 sive
883 1685 1060 1760 editorum
1078 1686 1123 1759 de
1140 1686 1466 1784 perquisitionibus‚
1484 1702 1641 1785 accepta·

432 1785 601 1872 cionibus,
642 1784 862 1874 leccionibus,
906 1785 1212 1885 publicacionibus,
1253 1785 1565 1876 notificationibus,
1604 1804 1640 1860 et

432 1885 703 1960 executionibus
755 1886 1036 1986 quibuscumque
1090 1911 1393 1986 quarumcumque
1441 1887 1639 1966 litterarum

431 2005 468 2062 et
510 1987 685 2061 bullarum
731 1989 1004 2086 apostolicarum
1050 2003 1131 2061 ante
1176 1987 1313 2062 dictum
1359 2012 1495 2062 nonum
1544 1990 1640 2063 diem

433 2089 580 2186 Aprilis,
605 2105 641 2160 et
666 2089 828 2161 omnium
853 2086 1002 2162 aliorum
1023 2104 1251 2178 statutorum,
1281 2090 1571 2178 ordinacionium,
1604 2107 1640 2164 et

433 2189 690 2288 provisionum,
719 2204 882 2287 pretextu
910 2213 1066 2288 quorum
1092 2189 1207 2288 aliqua
1236 2206 1328 2264 secta
1349 2215 1470 2265 versus
1496 2191 1640 2265 eosdem

434 2289 625 2390 Majorem,
652 2288 838 2381 Bullinum,
865 2306 902 2363 et
930 2290 1232 2364 communitatem
1261 2317 1322 2388 per
1349 2291 1468 2365 billam
1496 2292 1553 2365 vel
1578 2317 1640 2390 per

433 2392 539 2464 breve
566 2392 610 2465 de
640 2391 841 2489 premunire
868 2389 967 2480 facta,
997 2416 1058 2464 seu
1085 2391 1155 2464 alio
1181 2393 1292 2466 modo
1319 2417 1556 2492 quocumque,
1574 2418 1641 2490 pro

400 2501 405 2523 ¹
433 2493 550 2590 aliqua
573 2491 716 2564 materia
738 2507 819 2564 ante
836 2491 989 2566 eundem
1006 2516 1141 2566 nonum
1158 2493 1253 2566 diem
1270 2494 1405 2589 Aprilis
1422 2493 1497 2566 fieri
1515 2493 1638 2586 valeat,

402 2668 405 2674 ,
433 2617 540 2692 quam
557 2617 866 2692 quorumcumque
890 2594 1039 2667 aliorum
1067 2609 1295 2683 statutorum,
1325 2590 1434 2668 factas
1460 2595 1533 2668 sive
1560 2619 1641 2694 per-

433 2709 595 2791 petratas,
627 2693 768 2767 statutis
796 2694 1081 2768 ordinacionibus
1113 2710 1149 2768 et
1179 2694 1439 2793 provisionibus
1467 2695 1537 2769 illis
1567 2721 1639 2770 non

432 2792 678 2868 obstantibus:
713 2794 878 2868 Aceciam
903 2797 1187 2894 perdonavimus,
1213 2796 1421 2884 remisimus,
1437 2812 1483 2869 -et
1509 2798 1640 2870 relaxa-

434 2896 554 2968 vimus
579 2896 713 2970 eisdem
741 2894 887 2995 Majori,
914 2895 1062 2986 Ballivo,
1084 2913 1120 2970 et
1138 2895 1396 2972 communitati
1414 2899 1640 2972 omnimodos

433 2995 531 3086 fines,
562 2996 759 3096 adjudicata
775 2998 1070 3086 2amercianenta,
1103 2999 1228 3088 exitus,
1261 2996 1471 3088 forisfactos,
1499 2999 1639 3089 relevia,

433 3098 599 3196 scutagia,
630 3123 669 3170 ac
690 3097 898 3171 omnimoda
923 3098 1054 3187 debita,
1077 3115 1254 3198 compota,
1280 3100 1436 3198 prestita,
1468 3103 1639 3202 arreragia

433 3198 616 3271 nmmum
633 3214 669 3271 et
685 3215 936 3295 compotorum
955 3198 1069 3288 nobis,
1085 3215 1165 3273 ante
1181 3201 1337 3298 primum
1358 3201 1453 3274 diem
1480 3201 1640 3318 Septem-

434 3299 506 3372 bris
532 3322 625 3370 anno
652 3298 752 3398 regni
780 3299 915 3372 nostri*
932 3301 1109 3389 vicesimo,
1126 3301 1428 3399 qualitercumque
1455 3302 1574 3376 debita
1602 3319 1638 3375 et

434 3398 672 3497 pertinencia3
703 3424 839 3473 necnon
863 3401 1086 3476 omnimodas
1106 3401 1262 3474 acciones
1278 3417 1314 3474 et
1337 3402 1527 3476 demandas
1551 3429 1638 3502 quas

433 3524 500 3572 nos
526 3497 632 3588 solus,
664 3500 721 3573 vel
751 3525 816 3573 nos
842 3500 1069 3601 conjunctim,
1096 3525 1177 3573 cum
1204 3501 1280 3575 aliis
1306 3503 1463 3600 personis
1490 3503 1547 3577 vel
1573 3505 1639 3577 alia

434 3623 594 3699 persona,
637 3599 805 3673 habemus
847 3625 910 3675 seu
952 3600 1080 3674 habere
1124 3602 1320 3700 poterimus
1370 3628 1492 3677 versus
1543 3605 1638 3704 ipsos

435 3700 626 3801 Maj0rem,
678 3701 867 3788 Ballivum,
919 3718 955 3775 et
1007 3703 1311 3777 Communitatem
1357 3730 1424 3803 pro
1464 3704 1640 3805 aliquibus

433 3800 637 3902 hujusmodi
667 3800 807 3893 linibus,
838 3802 1125 3896 amerciamentis,
1153 3803 1317 3894 exitibus,
1348 3806 1498 3896 releviis,
1524 3823 1638 3880 scuta-

432 3903 513 4003 giis,
531 3900 671 3995 debitis,
698 3903 883 4001 compotis,
907 3905 1074 4000 prestitis,
1101 3921 1137 3978 et
1163 3906 1357 4006 arreragiis,
1379 3923 1460 3980 ante
1484 3909 1637 3982 eundem

432 4007 591 4102 primum
607 4002 665 4077 die
683 4003 906 4102 Septembris,
924 4004 1028 4080 nobis
1051 4005 1207 4094 debitis3
1232 4008 1381 4081 aceciam
1398 4007 1584 4109 utlagarias
1601 4009 1638 4083 in

432 4104 529 4203 ipsos
559 4104 750 4206 Majorem,
780 4105 967 4200 Ballivum,
997 4122 1034 4180 et
1067 4106 1369 4182 Communitatem
1400 4111 1638 4210 promulgatas

433 4231 500 4304 pro
525 4205 641 4306 aliqua
667 4232 850 4280 causarum
876 4208 1167 4306 supradictarum,
1195 4209 1412 4284 omnimodis
1439 4209 1567 4284 debitis
1601 4227 1637 4284 et

432 4307 608 4407 compotis
624 4309 727 4382 nobis
746 4308 875 4382 debitis
901 4325 937 4382 et
964 4310 1232 4407 pertinentibus,
1260 4337 1331 4411 que
1356 4313 1478 4416 vigore
1505 4311 1639 4388 littera-

978 4433 998 4470 *
1016 4451 1088 4517 1441
