3728 5256
468 501 533 589 με
821 494 1004 570 novun
1033 492 1313 568 cHnRrsns

964 796 1167 875 XLIX.

812 971 846 1051 iij
868 972 1042 1051 Januarii,
1063 982 1084 1052 5
1107 969 1198 1036 Hen.
1224 969 1283 1035 lv.

460 1124 607 1196 Scrnur
644 1140 822 1222 presentes
863 1140 899 1197 et
940 1123 1053 1198 futuri
1087 1123 1185 1226 quod
1215 1149 1293 1223 ego,
1335 1123 1515 1218 Johannes
1548 1120 1670 1208 Wille,

461 1225 645 1316 corveiser,
663 1225 746 1300 dedi
764 1225 930 1315 concessi,
946 1241 982 1298 et
1000 1226 1062 1298 hac
1088 1225 1241 1324 presenti
1259 1240 1353 1298 carta
1373 1249 1451 1298 mea
1467 1220 1671 1297 confirmavi

462 1324 605 1399 Thome
632 1342 688 1399 ate
714 1325 879 1400 Crouche
900 1326 946 1399 de
971 1327 1141 1400 Dovorra
1170 1351 1284 1398 unum
1317 1340 1563 1399 tenementum
1589 1349 1670 1396 cum

461 1426 535 1499 suis
552 1427 776 1524 pertinenciis
791 1427 961 1501 situatum
980 1427 1073 1500 infra
1089 1427 1289 1500 libertatem
1303 1427 1434 1500 Portus
1452 1427 1617 1500 Dovorre
1634 1423 1671 1496 in

463 1528 809 1619 Halvendenwarde,
826 1528 970 1616 scilicet,
988 1529 1079 1602 inter
1096 1527 1228 1629 regiam
1245 1543 1390 1602 stratam
1407 1551 1529 1602 versus
1545 1525 1671 1600 south-

461 1645 544 1718 east,
562 1646 599 1702 et
623 1630 802 1731 quandam
829 1654 1055 1704 communem
1080 1629 1253 1702 venellam
1280 1653 1401 1702 versus
1426 1627 1617 1716 northeast‚
1634 1642 1671 1699 et

461 1746 703 1804 tenementum
721 1729 894 1804 Willelmi
908 1731 1044 1805 Knotte
1061 1755 1186 1804 versus
1201 1730 1396 1803 southwest
1411 1746 1448 1803 et
1466 1727 1670 1816 northwest,

463 1831 562 1932 quod
592 1831 737 1932 quidem
780 1848 1020 1905 tenementum
1063 1857 1176 1931 nuper
1210 1830 1384 1930 adquisivi
1419 1831 1463 1904 de
1507 1830 1671 1924 Johanne

463 1931 595 2028 Beneyt
633 1947 669 2004 et
703 1931 845 2005 Thoma
878 1931 1052 2019 Coumbe,
1082 1931 1225 2020 clericis,
1257 1931 1420 2006 Heririco
1450 1930 1598 2005 Petham
1635 1945 1672 2003 et

461 2031 622 2125 Johanne
645 2033 819 2106 Petham:
857 2030 1006 2106 habend’
1033 2049 1069 2106 et
1094 2032 1235 2108 tenend’
1262 2033 1401 2106 dictum
1431 2047 1671 2105 tenementum

461 2158 545 2205 cum
570 2132 734 2207 omnibus
758 2134 831 2206 suis
847 2133 1071 2232 pertinenciis
1095 2133 1236 2233 prefato
1260 2133 1403 2207 Thome
1426 2149 1481 2206 ate
1507 2133 1672 2208 Crouche

461 2233 650 2307 heredibus
681 2250 719 2306 et
751 2233 825 2306 suis
854 2235 1036 2334 assignatis
1065 2233 1353 2333 imperpetuum:
1394 2233 1559 2308 'fficiend’
1590 2234 1672 2307 inde

460 2333 649 2407 servicium
673 2334 810 2408 domini
836 2335 929 2433 regis
953 2361 1035 2408 cum
1069 2335 1233 2410 acciderit
1258 2335 1456 2410 secundum
1482 2350 1672 2408 consuetu-

461 2437 581 2510 dinem
595 2451 719 2533 portus
729 2435 890 2534 predicti,
905 2461 943 2508 ac
959 2437 1069 2510 eciam
1083 2436 1289 2536 capitalibus
1300 2435 1455 2510 dominis
1466 2434 1563 2510 feodi
1577 2435 1672 2508 illius

460 2535 606 2612 servicia
629 2535 712 2610 inde
737 2536 857 2611 debita
879 2553 915 2610 et
934 2536 979 2610 de
1000 2536 1082 2637 jure
1107 2554 1302 2612 consueta:
1330 2537 1379 2611 Et
1404 2563 1472 2638 ego
1493 2537 1671 2636 predictus

460 2639 638 2734 Johannes
669 2637 778 2710 Wille
811 2654 847 2711 et
877 2637 1020 2714 heredes
1051 2640 1119 2712 mei
1147 2639 1285 2714 dictum
1314 2655 1556 2712 tenementum
1588 2661 1671 2711 cum

461 2740 629 2813 omnibus
660 2739 733 2812 suis
773 2738 998 2838 pertinenciis
1031 2739 1191 2838 predicto
1225 2740 1368 2814 Thome
1410 2755 1466 2812 ate
1507 2738 1670 2812 Crouche

461 2840 648 2916 heredibus
676 2855 712 2912 et
740 2840 815 2914 suis
847 2841 1031 2941 assignatis
1055 2857 1177 2914 contra
1206 2866 1330 2915 omnes
1355 2857 1479 2940 gentes
1508 2839 1671 2914 waranti-

461 2941 622 3015 zabimus
635 2941 908 3040 imperpetuum.

536 3044 577 3115 ln
595 3041 694 3142 cujus
711 3041 761 3115 rei
779 3041 1025 3116 testimonium
1042 3042 1126 3116 huic
1144 3043 1295 3142 presenti
1309 3057 1403 3116 carte
1421 3067 1497 3115 mee
1514 3041 1670 3141 sigillum

462 3169 582 3218 meum
599 3142 756 3243 apposui.

537 3246 631 3319 Data
664 3245 832 3318 Dovorra
865 3243 975 3318 tercio
1007 3242 1067 3317 die
1107 3243 1264 3338 januarii
1298 3269 1392 3317 anno
1426 3243 1525 3345 regni
1561 3242 1671 3344 Regis

463 3343 615 3418 Henrici
631 3345 748 3444 quarti
766 3360 847 3443 post
864 3360 1098 3445 conquestum
1116 3343 1246 3445 Anglie
1262 3343 1399 3446 quinto.

539 3444 625 3519 Hiis
650 3444 823 3519 testibus:
850 3446 1011 3539 Johanne
1030 3445 1185 3542 Monyn,
1204 3462 1290 3520 tunc
1316 3445 1457 3546 Majore
1475 3447 1669 3533 Dovorre;

460 3546 622 3641 Johanne
647 3545 819 3634 Alkham,
845 3561 1024 3620 attornato
1056 3545 1208 3634 Ballivi3
1257 3545 1419 3642 Johanne
1453 3546 1669 3634 Evebrolre3

460 3646 603 3721 Thoma
644 3646 773 3734 lurd3
823 3645 967 3720 Thoma
1008 3647 1165 3736 Clerke;
1217 3646 1402 3723 Willelmo
1444 3647 1669 3736 Hanecoke3

462 3748 617 3822 Ricardo
633 3748 806 3822 Sedenore
824 3772 835 3837 ;
862 3764 898 3823 et
914 3748 1000 3821 aliis.
