3728 5256
790 461 971 536 DOVER
998 458 1278 534 CHARTERS

991 661 1073 740 Ll.

803 835 839 918 xj
861 836 1030 918 Augusti,
1050 833 1073 902 6
1095 834 1187 902 Heu.
1212 833 1272 902 1v.

429 996 521 1070 Hac
556 995 744 1068 indentura
785 992 876 1066 facta
918 995 1009 1066 inter
1051 992 1239 1068 dominum
1274 991 1456 1064 Thomam
1500 989 1638 1087 Herry,

429 1098 617 1170 Rectorem
645 1093 787 1168 ecclesie
815 1094 931 1168 Sancti
962 1094 1140 1186 Nicholai,
1167 1095 1347 1182 Dovorre,
1376 1108 1411 1165 et
1440 1091 1639 1187 Johannem

430 1198 591 1297 Boydyn,
620 1193 783 1271 feoffatos
810 1196 981 1290 Johannis
1009 1195 1152 1294 Gayler,
1179 1196 1216 1268 in
1246 1195 1348 1268 terris
1371 1209 1408 1266 et
1433 1193 1641 1266 tenementis

427 1325 497 1400 que
526 1324 590 1371 sua
617 1296 764 1372 fuerunt
793 1293 885 1370 infra
909 1296 1107 1370 libertatem
1134 1297 1266 1370 Portus
1291 1296 1459 1370 Dovorre
1483 1295 1541 1369 die
1566 1318 1640 1392 quo

428 1401 529 1489 obiit,
563 1415 599 1474 et
632 1398 811 1473 Thomam
839 1413 895 1471 ate
926 1398 1104 1486 Crouche,
1131 1413 1292 1485 testatur,
1322 1394 1421 1496 quod
1455 1396 1515 1469 ubi
1544 1394 1639 1468 idem

428 1503 590 1574 Thomas
622 1517 678 1574 ate
713 1499 876 1573 Crouche
909 1499 1100 1599 adquisivit
1134 1499 1179 1572 de
1209 1497 1312 1572 dictis
1345 1496 1500 1570 feoffatis
1527 1519 1639 1568 unum

430 1604 619 1703 gardinum
650 1617 741 1674 terre
768 1625 850 1673 cum
884 1601 1023 1674 duabus
1056 1599 1223 1674 domibus
1249 1601 1400 1697 desuper
1435 1595 1639 1685 astantibus,

427 1704 527 1804 quod
549 1703 644 1776 idem
670 1704 830 1776 Thomas
855 1717 911 1774 ate
936 1700 1098 1775 Crouche
1128 1700 1302 1800 permittit
1330 1699 1482 1773 Aliciam
1510 1698 1641 1796 Gayler

429 1804 571 1903 pacifice
605 1803 733 1878 habere
773 1820 810 1875 et
843 1802 1004 1900 optinere
1037 1826 1104 1901 pro
1137 1802 1290 1875 termino
1332 1801 1405 1874 vite
1438 1825 1500 1872 sue
1533 1823 1640 1872 unam

430 1906 576 1980 domum
602 1905 647 1978 de
672 1903 808 1977 duabus
832 1902 1011 1992 domibus,
1038 1901 1242 1977 inferiorem
1268 1927 1390 1975 versus
1414 1902 1640 1988 northweste,

430 2031 514 2080 cum
549 2005 607 2077 via
643 2003 840 2078 rationabili
875 2005 919 2078 ad
954 2005 1100 2080 eandem
1135 2006 1233 2076 omni
1263 2019 1424 2100 tempore
1466 2027 1639 2101 congruo,

429 2107 541 2180 silicet
564 2105 739 2204 permittit
755 2129 832 2178 eam
859 2105 998 2202 pacifice
1022 2101 1148 2177 habere
1172 2120 1209 2176 et
1231 2105 1391 2202 optinere
1417 2103 1640 2176 medietatem

430 2208 515 2282 dicti
533 2204 670 2306 gardini
688 2230 752 2303 per
777 2206 810 2278 le
827 2205 984 2303 Populer
1001 2230 1064 2304 per
1082 2221 1212 2278 metam
1230 2204 1360 2279 ibidem
1383 2205 1556 2305 signatam
1575 2227 1641 2302 pro

430 2309 585 2382 termino
613 2331 674 2380 sue
700 2307 773 2383 vite
802 2331 883 2380 eum
907 2308 964 2380 via
994 2307 1102 2380 eciam
1129 2306 1329 2380 rationabili
1357 2307 1401 2380 ad
1424 2307 1571 2380 eandem
1602 2330 1640 2378 ac

431 2410 476 2483 ad
505 2409 751 2482 eisiamentum
779 2432 868 2507 aque
897 2406 1031 2480 ibidem
1060 2404 1236 2482 habend':
1278 2432 1342 2480 nec
1376 2423 1493 2482 tamen
1523 2405 1641 2479 lioebit

430 2510 524 2583 dicte
549 2509 664 2582 Alicie
690 2510 735 2583 de
757 2509 852 2584 dicta
871 2506 981 2582 domo
1002 2508 1147 2609 aliquod
1165 2524 1305 2582 vastum
1325 2533 1387 2582 seu
1404 2525 1641 2606 estrepamen-

432 2628 511 2685 tum
546 2609 670 2700 faeere,
701 2626 754 2684 set
783 2636 861 2684 eam
891 2610 927 2681 in
955 2625 1049 2684 statu
1077 2610 1292 2708 competenti
1326 2609 1547 2697 sustentabit,
1578 2634 1641 2682 nec

432 2713 565 2813 aliquas
599 2711 739 2786 arbores
772 2735 878 2809 super
913 2711 1106 2809 predictam
1141 2711 1366 2785 medietatem
1399 2711 1538 2810 gardini
1572 2735 1642 2809 que

432 2814 498 2887 sibi
523 2815 572 2888 sic
597 2812 793 2887 dimittitur
818 2829 1010 2886 crescentes
1033 2812 1162 2912 quovis
1191 2811 1300 2886 modo
1325 2811 1526 2910 prostrabit,
1550 2826 1587 2883 et
1612 2812 1640 2882 si

433 2916 528 2989 dicta
545 2913 662 2988 Alicia
679 2929 817 2988 vastum
838 2928 899 2986 aut
921 2928 1220 3012 estrepamentum
1240 2914 1335 2988 dicte
1359 2913 1490 2988 domus
1506 2910 1640 2999 feeerit,

434 3016 490 3090 vel
506 3016 535 3088 si
553 3014 650 3088 illam
667 3015 878 3089 sufficienter
896 3040 968 3087 non
986 3015 1260 3103 manutenuerit,
1276 3031 1405 3087 extunc
1427 3014 1528 3087 liceat
1544 3013 1642 3086 dicto
1693 3093 1697 3099 ,

434 3116 577 3190 Thome
602 3131 659 3188 ate
687 3116 852 3190 Crouche
877 3114 1065 3190 heredibus
1088 3131 1126 3189 et
1150 3115 1331 3216 assignatis
1360 3116 1471 3214 ipsius
1498 3114 1641 3187 Thome

433 3219 469 3290 in
495 3217 688 3315 predictam
715 3217 882 3305 domum,
906 3217 956 3289 sic
981 3216 1097 3290 eidem
1123 3216 1238 3290 Alicie
1262 3217 1454 3308 dimissam,
1473 3215 1641 3288 reintrare

433 3333 469 3390 et
492 3343 568 3390 earn
596 3341 702 3415 penes
728 3342 765 3390 se
791 3319 826 3390 in
853 3315 961 3390 feodo
984 3317 1134 3416 simplici
1162 3319 1423 3416 imperpetuum
1451 3315 1641 3414 possidere,

435 3419 491 3491 vel
525 3419 553 3490 si
588 3417 682 3491 dicta
708 3417 822 3490 Alicia
855 3418 988 3517 aliquas
1018 3417 1159 3492 arbores
1193 3443 1337 3517 magnas
1370 3443 1476 3517 super
1509 3417 1642 3490 dictam

433 3518 658 3593 medietatem
686 3518 824 3618 gardini
850 3535 1041 3592 crescentes
1069 3520 1114 3592 ad
1143 3519 1454 3593 deteriorationem
1482 3517 1641 3592 e'usdem

434 3619 538 3694 fundi
563 3620 805 3716 prostraverit,
831 3635 960 3694 extunc
984 3618 1085 3693 liceat
1110 3619 1225 3693 eidem
1251 3622 1287 3693 T
1288 3622 1392 3693 home
1417 3635 1453 3692 at
1480 3543 1642 3692 drouche

434 3719 621 3794 heredibus
645 3735 682 3792 et
707 3720 890 3820 assignatis
914 3718 1072 3820 ejusdem
1098 3720 1241 3795 Thome
1268 3721 1303 3792 in
1334 3721 1481 3794 eandem
1509 3721 1642 3794 medie-

434 3839 543 3895 tatem
575 3819 714 3920 gardini
746 3821 857 3894 eciam
887 3823 1056 3895 reintrare
1088 3839 1124 3896 et
1154 3847 1230 3895 eam
1265 3847 1371 3920 penes
1401 3847 1437 3895 se
1472 3822 1508 3893 in
1534 3819 1642 3894 feodo

435 3922 585 4021 simplici
610 3921 750 4020 pacifice
775 3945 811 3996 et
841 3923 1102 4021 imperpetuum
1132 3923 1311 4022 possidere
1339 3923 1469 4022 absque
1492 3921 1643 4020 impedi-

434 4039 556 4098 mento
572 4020 706 4121 prefate
722 4022 849 4111 Alicie,
866 4049 928 4096 seu
944 4023 1092 4098 alicu'us
1108 4023 1251 4098 alterius
1267 4024 1342 4126 ejus
1359 4024 1513 4098 nomine.

511 4124 553 4197 In
577 4123 677 4224 cujus
694 4123 743 4197 rei
768 4123 1012 4199 testimonium
1029 4049 1097 4199 llis
1119 4125 1317 4199 indenturis
1332 4125 1425 4200 dicte
1448 4141 1564 4223 partes
1580 4149 1643 4198 sua

435 4225 550 4326 sigilla
565 4226 763 4298 alternatim
781 4242 1031 4325 apposuerunt

510 4327 606 4400 Data
631 4327 797 4400 Dovorra
823 4327 1011 4401 undecimo
1033 4327 1091 4401 die
1114 4330 1175 4400 Au
1226 4329 1271 4400 sti
1297 4353 1390 4400 anno
1415 4327 1514 4428 regni
1534 4328 1643 4425 Regis

437 4428 600 4515 Henrici,
617 4430 732 4528 quarti
750 4445 831 4527 post
849 4444 1084 4532 conquestum
1101 4351 1234 4531 Anglii
1250 4444 1360 4501 sexto.

438 4527 586 4630 [nm]
