3702 5256
433 438 510 509 4¹0
795 413 972 488 DOVER
997 412 1274 488 CHARTERS

937 714 1132 796 CXXI.

799 885 984 968 xxJunu.
1006 887 1256 971 annosEliz.

435 1051 527 1127 Hac
569 1051 759 1128 indentura
801 1067 951 1128 teratur
992 1053 1091 1152 quod
1136 1051 1341 1128 erlelrnus
1379 1051 1646 1151 Hannyngton,

436 1152 558 1255 Major
582 1154 667 1229 ville
692 1170 729 1229 et
754 1170 880 1254 portus
896 1156 1033 1244 Dovor,
1061 1155 1099 1228 in
1115 1154 1288 1228 comitatu
1313 1153 1456 1245 Kancie,
1484 1153 1647 1226 Thomas

435 1253 589 1344 Painter,
614 1255 792 1350 Johannes
817 1254 987 1354 Hobday,
1017 1255 1198 1330 Robertus
1222 1255 1384 1343 Nicham,
1417 1271 1455 1328 et
1483 1253 1647 1327 Christo-

435 1353 531 1430 ferus
564 1354 692 1450 Eliott,
724 1356 902 1432 Custodes
934 1356 1029 1433 dicte
1061 1357 1155 1449 ville,
1186 1381 1255 1430 una
1288 1355 1469 1430 communi
1502 1379 1645 1428 assensu

434 1473 470 1530 et
496 1480 667 1531 consensu
692 1458 806 1532 totius
831 1457 1108 1532 Communitatis
1131 1458 1291 1555 ejusdem
1315 1457 1398 1532 ville
1423 1456 1646 1532 tradiderunt

435 1576 681 1633 concesserunt
697 1574 734 1633 et
750 1558 795 1633 ad
812 1557 909 1634 feodi
926 1559 1062 1633 firmam
1085 1559 1297 1633 dimiserunt
1312 1560 1458 1632 Thome
1476 1559 1644 1646 Dawlres,

435 1659 481 1734 de
514 1659 600 1733 villa
625 1676 661 1733 et
688 1676 796 1758 portu
823 1661 952 1735 Dovor
977 1659 1143 1758 predicte,
1173 1659 1331 1759 yomoni,
1360 1683 1467 1732 unam
1495 1683 1644 1731 vacuam

435 1758 590 1858 placeam
608 1775 701 1833 terre
726 1785 807 1834 cum
824 1761 991 1835 omnibus
1007 1761 1078 1834 suis
1094 1760 1321 1859 pertinenciis
1345 1760 1587 1833 continentem
1605 1757 1643 1831 in

433 1858 657 1960 longitudine
673 1860 831 1960 quinque
847 1879 957 1936 metas
973 1864 1078 1937 rodas
1092 1876 1195 1952 terre,
1213 1876 1250 1935 et
1275 1861 1311 1934 in
1328 1859 1514 1935 latitudine
1531 1884 1644 1958 usque

435 1961 479 2036 ad
495 1962 612 2036 altum
630 1987 734 2050 mare,
748 1962 925 2062 jacentem
945 1980 981 2037 et
997 1965 1204 2037 existentem
1229 1960 1322 2035 infra
1337 1961 1536 2035 libertatem
1560 1959 1645 2033 ville

435 2077 470 2133 et
504 2077 629 2159 portus
662 2063 791 2136 Dovor
819 2064 987 2161 predicte,
1011 2064 1103 2137 inter
1129 2081 1259 2138 terram
1288 2062 1382 2136 dicte
1410 2061 1504 2151 ville,
1533 2061 1645 2134 modo

435 2162 471 2234 in
488 2161 721 2260 occupacione
739 2162 911 2237 Willelmi
929 2165 1072 2252 lomas,
1090 2189 1201 2263 usque
1218 2164 1438 2253 southwest3
1464 2179 1500 2238 et
1511 2177 1643 2236 terram

434 2261 517 2336 ville
543 2261 711 2360 predicte,
728 2265 840 2338 modo
864 2265 901 2338 in
927 2264 1159 2363 occupacione
1184 2264 1360 2338 Anthonii
1386 2263 1511 2353 Reade,
1530 2287 1644 2362 usque

435 2362 644 2452 northeast3
669 2380 706 2437 et
722 2365 855 2465 regiam
872 2366 966 2439 viam
982 2391 1103 2440 versus
1124 2366 1316 2442 northwest
1330 2389 1341 2454 3
1367 2383 1404 2440 et
1420 2366 1531 2439 altum
1549 2388 1644 2436 mare

436 2488 558 2538 versus
590 2465 795 2540 southeast:
839 2465 988 2542 habend'
1022 2483 1058 2540 et
1090 2467 1233 2541 tenend'
1268 2466 1463 2564 predictam
1495 2490 1643 2540 vacuam

436 2563 590 2664 placeam
606 2581 700 2640 terre
726 2591 806 2640 cum
824 2567 989 2641 omnibus
1005 2567 1078 2640 suis
1102 2567 1328 2666 pertinenciis
1345 2565 1483 2665 prefato
1499 2567 1643 2640 Thome

436 2667 604 2755 Dawkes,
614 2666 802 2742 heredibus
818 2684 855 2742 et
871 2669 1055 2768 assignatis
1073 2669 1157 2758 suis,
1170 2696 1190 2743 a
1202 2668 1294 2743 festo
1305 2667 1512 2743 Natiuitatis
1528 2667 1642 2740 Sancti

434 2765 605 2860 Johannis
621 2769 778 2866 Baptiste
794 2769 958 2868 proximo
974 2769 1097 2843 futuro
1120 2787 1201 2868 post
1217 2769 1336 2844 datam
1352 2769 1580 2868 presentium,
1598 2768 1644 2841 de

435 2893 529 2942 anno
545 2868 581 2940 in
599 2894 731 2943 annum
754 2895 828 2944 uno
845 2888 926 2969 post
943 2869 1051 2944 alium
1070 2897 1181 2972 usque
1199 2871 1243 2944 ad
1263 2870 1369 2942 finem
1386 2887 1422 2943 et
1447 2869 1642 2942 terminum

434 2969 589 3041 lxxxxix.
607 2992 782 3044 annorum
794 2988 925 3045 extunc
942 2973 1185 3071 proximorum
1198 2970 1421 3069 sequentium
1437 2985 1474 3042 et
1490 2969 1646 3068 plenarie

436 3069 660 3168 complend’:
696 3069 846 3148 faciend’
880 3073 962 3148 inde
987 3072 1174 3146 servicium
1199 3070 1343 3146 domine
1372 3085 1494 3144 nostre
1522 3069 1644 3169 regine

435 3184 470 3242 et
513 3171 772 3246 successoribus
822 3173 894 3246 suis
943 3176 1140 3250 secundum
1186 3171 1478 3246 consuetudinem
1519 3187 1646 3268 portus

435 3269 596 3343 Dovorie
638 3271 793 3370 predicte
826 3299 908 3347 cum
950 3275 1139 3349 acciderit:
1183 3298 1222 3346 ac
1255 3273 1362 3346 etiam
1404 3271 1571 3346 reddend’
1606 3288 1644 3346 et

435 3369 596 3445 solvend’
614 3371 696 3444 inde
721 3373 905 3446 annuatim
923 3375 1056 3475 Majori
1076 3393 1111 3448 et
1128 3373 1348 3448 Custodibus
1369 3374 1463 3447 dicte
1479 3371 1563 3447 ville
1580 3372 1643 3473 qui

435 3485 520 3544 tunc
537 3495 603 3569 pro
620 3487 778 3571 tempore
804 3472 935 3548 fuerint
951 3475 989 3548 in
1014 3473 1106 3549 festo
1121 3474 1388 3572 Assumptionis
1404 3473 1502 3546 beate
1526 3473 1644 3548 Marie

435 3569 595 3670 Virginis
628 3573 825 3648 duodecem
859 3575 1019 3650 denarios
1052 3601 1118 3674 pro
1160 3575 1300 3650 annuali
1334 3574 1499 3649 redditu:
1544 3589 1580 3647 et
1613 3573 1642 3646 si

435 3671 619 3772 contingat
643 3675 843 3771 predictum
869 3677 1053 3751 annualem
1076 3676 1256 3750 redditum
1279 3677 1325 3750 de
1341 3675 1422 3776 xijd.
1442 3675 1486 3750 ad
1511 3671 1643 3748 festum

434 3773 493 3848 vel
526 3773 719 3849 terminum
753 3776 953 3874 predictum
995 3803 1069 3878 quo
1101 3776 1192 3851 solvi
1226 3777 1353 3850 debeat
1385 3802 1405 3850 a
1437 3791 1534 3849 retro
1566 3771 1644 3848 fore

436 3873 634 3948 insolutum
661 3875 697 3948 in
723 3893 820 3976 parte
845 3879 902 3952 vel
928 3879 966 3950 in
996 3894 1076 3951 toto
1105 3881 1198 3951 ultra
1223 3877 1417 3952 terminum
1443 3875 1643 3975 predicttun

435 3999 498 4073 per
524 3977 683 4076 spacium
707 3989 777 4053 xv¹¹¹
793 3978 944 4070 dierum,
968 3978 996 4052 si
1022 3978 1179 4080 legitime
1204 3979 1368 4078 petitum,
1396 3993 1482 4051 tunc
1506 3977 1643 4050 licitum

435 4075 503 4150 erit
538 4077 672 4178 Majori
714 4092 751 4153 et
785 4079 1005 4156 Custodibus
1037 4078 1121 4157 ville
1163 4079 1320 4178 predicte
1352 4078 1415 4179 qui
1449 4095 1536 4152 tunc
1578 4103 1644 4178 pro
