3718 5284
456 467 501 542 28
800 465 982 543 DOVER
1009 464 1289 545 CHARTERS

987 766 1127 854 XIV.

806 941 936 1012 Mense
948 939 1045 1021 Julii.
1059 955 1098 1024 14
1113 940 1270 1011 Edvord
1284 941 1310 1006 1.

454 1097 670 1176 Noverunt
689 1096 842 1172 universi
857 1122 997 1196 presens
1010 1098 1076 1171 scri
1103 1113 1181 1174 tum
1196 1097 1305 1172 visuri
1316 1097 1373 1172 vel
1390 1097 1547 1172 audituri
1564 1098 1664 1198 quod

455 1197 538 1299 Ego
553 1197 720 1276 Anabilla
735 1198 918 1300 quondam
937 1223 1028 1273 uxor
1045 1122 1218 1274 iiiillelmi
1244 1199 1289 1272 de
1314 1197 1410 1274 Aule
1433 1197 1479 1274 de
1505 1198 1664 1287 Dovoro,

453 1324 594 1374 assensu
608 1315 646 1376 et
663 1324 836 1376 concensu
853 1299 1025 1396 Johannis
1043 1298 1105 1375 filii
1132 1298 1220 1374 dicti
1245 1297 1421 1375 Willelmi
1439 1315 1475 1376 et
1493 1297 1575 1388 mei,
1593 1314 1665 1374 tre-

453 1399 528 1476 didi
562 1417 599 1474 et
632 1400 750 1476 dimisi
781 1399 958 1476 Nieholro
995 1399 1200 1480 Bevelonde
1234 1398 1421 1476 mercatori
1451 1399 1599 1474 Dovore
1628 1416 1664 1474 et

452 1501 640 1578 heredibus
656 1501 728 1580 suis
753 1501 808 1578 vel
835 1500 1018 1602 assignatis
1043 1526 1150 1576 unam
1176 1517 1305 1576 terram
1331 1524 1412 1578 curn
1438 1499 1665 1599 pertinenciis

447 1602 624 1706 jacentem
655 1603 691 1678 in
722 1619 830 1704 portu
859 1603 1008 1680 Douore
1035 1601 1072 1677 in
1099 1602 1235 1676 Wards
1263 1602 1359 1678 dicta
1385 1601 1665 1678 Bikkenewarde

452 1729 557 1804 super
582 1729 652 1806 qua
677 1703 820 1802 propria
845 1702 949 1778 habet
974 1703 1133 1777 edificia:
1175 1703 1317 1778 tenend'
1339 1719 1376 1776 et
1406 1701 1554 1779 habend’
1583 1728 1664 1804 pre-

453 1805 583 1878 dictam
617 1821 747 1879 terram
781 1804 942 1904 predicto
972 1801 1149 1880 Nicholco
1191 1819 1227 1880 et
1268 1801 1458 1879 heredibus
1499 1803 1572 1882 suis
1606 1804 1662 1878 vel

444 1905 635 2006 ¹assignatis
662 1903 750 1980 bene
773 1921 810 1980 et
843 1903 880 1979 in
907 1929 990 2004 pace
1016 1903 1189 1982 viduitate
1215 1929 1292 1980 mea
1318 1902 1437 1980 habita
1462 1921 1498 1982 et
1527 1921 1664 1980 servata

453 2005 572 2108 quood
599 2006 735 2096 vixero,
765 2030 832 2106 pro
858 2005 1093 2106 quodraginta
1126 2022 1163 2083 et
1196 2004 1337 2084 duobus
1370 2004 1521 2080 denariis
1554 2007 1661 2082 annui

453 2106 614 2184 redditus
630 2106 716 2182 mihi
735 2107 791 2182 vel
809 2132 889 2180 meo
905 2125 1002 2182 certo
1024 2121 1203 2182 attornato
1227 2132 1332 2206 super
1356 2106 1505 2182 eandem
1530 2124 1662 2183 terram

452 2207 496 2284 ad
513 2207 606 2286 duos
623 2207 795 2286 terminos
811 2207 893 2284 anni
910 2207 1081 2296 solvend’,
1101 2207 1234 2284 scilicet
1259 2207 1303 2282 ad
1329 2207 1494 2283 Natalem
1513 2207 1662 2283 Domini

453 2335 519 2410 pro
549 2307 675 2408 viginti
706 2325 742 2382 et
771 2333 844 2384 uno
863 2308 1026 2397 denariis,
1056 2325 1092 2384 et
1121 2309 1166 2384 ad
1195 2307 1326 2382 festum
1353 2308 1468 2384 Sancti
1491 2309 1663 2404 Johannis

453 2409 608 2513 Baptiste
625 2435 692 2526 pro
708 2409 837 2511 viginti
854 2426 890 2484 et
907 2435 981 2486 uno
996 2409 1149 2484 denariis
1163 2409 1451 2512 sterlinggorum.

528 2511 570 2584 ln
588 2535 687 2612 cujus
703 2511 752 2586 rei
778 2511 1022 2587 testimonium
1033 2511 1184 2610 presenti
1196 2509 1329 2610 scripto
1346 2511 1390 2586 ad
1407 2510 1554 2586 modum
1572 2509 1663 2586 ciro-

451 2611 538 2714 grrfi
556 2610 756 2714 composito
773 2611 801 2686 si
829 2610 887 2686 'lla
898 2636 960 2686 sua
976 2610 1176 2687 alternatim
1193 2628 1308 2710 partes
1325 2629 1575 2712 apposuerunt.

528 2713 616 2790 Hiis
632 2711 791 2803 testibus,
847 2713 965 2788 'cordo
981 2713 1119 2802 Nelot;
1147 2713 1316 2789 Mattheo
1340 2712 1386 2788 de
1402 2713 1527 2788 Sancta
1545 2713 1658 2787 Rode-

451 2814 570 2916 gunde
586 2837 598 2903 3
616 2813 791 2892 Nicholso
808 2813 852 2888 de
864 2813 1073 2891 Wlurinton
1090 2838 1100 2903 ;
1118 2813 1227 2890 Petro
1239 2814 1285 2890 de
1298 2813 1456 2890 Ecclesia
1470 2838 1481 2903 ;
1498 2815 1661 2888 Waltero

452 2916 584 3016 pistore
599 2940 609 3004 ;
639 2915 749 2993 Petro
765 2915 947 3014 Hudding
964 2939 976 3004 ς
1001 2931 1037 2988 et
1054 2913 1138 2992 aliis.

527 3019 663 3092 Actum
701 3042 820 3092 mense
839 3011 841 3016 ’
861 3016 947 3112 Julii
990 3043 1083 3092 anno
1112 3015 1212 3120 regni
1249 3017 1341 3120 regis
1379 3015 1560 3116 Edwsrdi,
1596 3015 1659 3092 filii

453 3115 603 3222 Henrici
620 3117 723 3220 regis,
742 3133 869 3219 quarto
885 3117 1034 3194 decimo.
