3738 5304
457 453 529 526 302
821 430 1001 504 DOVER
1028 431 1306 505 CHARTERS

455 657 534 706 mus
566 657 629 732 per
669 647 845 731 presentes
887 630 1036 706 habend'
1070 632 1202 705 eisdem
1249 633 1326 733 Maj
1330 633 1396 721 ori,
1438 634 1587 722 Ballivo,
1630 652 1666 706 et

455 732 714 808 Communitati
748 733 793 806 de
818 733 915 807 dono
950 750 1073 806 nostro
1090 732 1286 907 apsque
1257 749 1426 831 compoto
1451 734 1519 835 aliq
1522 761 1570 808 uo
1603 759 1664 806 seu

455 833 576 935 aliquo
600 832 670 907 alio
696 834 777 907 inde
804 833 905 906 nobis
930 833 1099 909 reddend’
1181 834 1286 908 vend’
1303 859 1366 907 seu
1392 761 1552 910 facieniil'.
1603 838 1663 908 Ac

454 936 624 1008 lusurrn
660 936 909 1032 perdonamus,
951 934 1178 1022 remittimus,
1218 951 1255 1008 et
1298 935 1490 1009 relaxamus
1531 936 1665 1010 eisdem

456 1035 603 1136 Majori,
621 1035 770 1124 Ballivo,
786 1051 823 1108 et
849 1035 1110 1110 Communitati
1128 1061 1250 1109 omnes
1272 1036 1370 1122 fines,
1387 1037 1664 1137 redempciones,

454 1135 707 1224 forisfacturas,
742 1153 779 1209 et
821 1137 1126 1236 transgressiones,
1165 1162 1232 1235 pro
1274 1137 1461 1238 maritagio
1494 1164 1663 1238 quarum-

454 1261 607 1338 cumque
624 1236 814 1312 viduarum
832 1255 1043 1327 nostrarum,
1060 1237 1135 1311 sive
1152 1237 1300 1338 alicujus
1317 1238 1424 1312 vidue
1442 1255 1571 1328 nostre,
1589 1241 1663 1312 sive

453 1339 645 1414 viduarum
680 1355 893 1428 nostrarum,
935 1353 997 1414 aut
1031 1321 1139 1413 vidue
1182 1339 1254 1412 sive
1293 1339 1484 1413 viduarum
1518 1340 1618 1414 alicu
1622 1367 1664 1413 us

454 1441 723 1540 progenitorum
767 1457 983 1530 nostrorum,
1017 1455 1052 1513 et
1095 1438 1282 1555 cujuslibet
1324 1441 1528 1556 hujusmodi
1555 1365 1664 1514 vidue

454 1558 514 1614 aut
565 1541 765 1629 viduarum,
825 1567 892 1640 pro
949 1540 1143 1641 maritagiis
1192 1539 1264 1613 suis
1324 1540 1511 1641 quuslibet
1564 1543 1665 1614 here-

455 1642 541 1717 dum
594 1640 827 1715 ffemellarum
888 1642 1089 1758 tenencium
1138 1657 1351 1731 nostrorum,
1405 1659 1467 1716 aut
1517 1643 1663 1743 alicujus

454 1742 726 1859 progenitorum
761 1759 978 1832 nostrorum,
1007 1741 1081 1816 sine
1114 1741 1259 1816 licencia
1292 1743 1389 1842 regia
1421 1744 1662 1818 antedictum

455 1844 550 1917 diem
594 1843 859 1916 maritatarum.
915 1844 1066 1918 Necnon
1108 1843 1229 1917 omnia
1270 1845 1387 1918 exitus
1428 1861 1464 1917 et
1506 1845 1664 1944 proficua

455 1944 617 2018 omnium
669 1960 706 2016 et
757 1943 979 2044 singulorum
1033 1943 1283 2058 maneriorum,
1332 1961 1519 2033 terrarum,
1567 1963 1664 2020 tene-

456 2061 671 2132 mentorum,
702 2044 893 2132 redditum,
921 2044 1192 2160 possessionum,
1219 2045 1591 2133 hereditamentorum,
1625 2073 1664 2119 ac

454 2101 702 2233 wandatorum,
735 2161 772 2217 et
809 2145 1074 2260 maritagiorum
1113 2170 1423 2246 quorumcumque
1463 2147 1663 2220 tenencium

454 2263 490 2319 et
523 2245 711 2320 viduarum
746 2245 982 2342 predictarum
1017 2263 1053 2319 et
1085 2246 1260 2321 heredum
1290 2245 1509 2323 femellarum
1538 2263 1664 2322 tenen·

455 2348 548 2421 cium
592 2361 808 2436 nostrorum,
854 2360 915 2420 aut
957 2347 1155 2420 tenentium
1197 2347 1345 2448 alicujus
1390 2349 1661 2464 progenitorum

455 2463 670 2536 nostrorum,
704 2444 778 2522 sive
812 2448 1098 2547 predecessorum
1144 2463 1361 2537 nostrorum,
1406 2448 1663 2565 cujuscumque

455 2548 638 2666 dignitatis
676 2547 732 2620 vel
775 2549 992 2623 condicionis
1034 2547 1142 2621 fuerit
1185 2548 1240 2621 vel
1281 2507 1426 2638 fuerint,
1461 2577 1525 2650 per
1568 2552 1663 2649 ipsos

455 2649 645 2750 Majorem‚
680 2648 869 2737 Ballivum,
903 2666 939 2722 et
982 2649 1296 2737 Communitatem,
1339 2667 1419 2723 ante
1461 2651 1661 2748 predictum

454 2751 662 2824 vicesimum
696 2749 846 2824 tercium
876 2749 982 2840 diem,
1018 2750 1147 2865 quovis
1180 2751 1290 2823 modo
1322 2749 1441 2824 habita
1478 2751 1552 2824 sive
1582 2777 1663 2850 per-

454 2868 565 2951 cepta,
600 2850 731 2925 eisdem
769 2851 914 2952 MaJ'ori‚
952 2850 1090 2940 Ballivi‚
1119 2865 1155 2924 et
1183 2850 1443 2925 Communitati
1473 2853 1599 2926 damus
1625 2868 1661 2925 et

454 2953 680 3026 concedimus
709 2977 770 3050 per
800 2967 978 3050 presentes
1006 2951 1136 3050 absque
1163 2969 1333 3050 compoto
1359 2978 1419 3026 seu
1446 2952 1565 3053 aliquo
1591 2952 1661 3026 alio

417 3071 423 3084 ·
454 3054 627 3151 proinde
653 3052 754 3126 nobis
780 3051 835 3124 vel
857 3050 1044 3126 heredibus
1062 3053 1191 3126 nostris
1208 3052 1391 3143 reddend',
1408 3054 1580 3143 solvend’,
1597 3079 1659 3126 seu

453 3152 991 3228 faciend'1Prnoounnus
983 3177 1127 3252 msuper
1155 3153 1369 3228 remittimus
1395 3169 1431 3227 et
1465 3155 1661 3228 relaxamus

453 3255 585 3329 eisdem
618 3253 765 3368 Majmi,
797 3251 946 3341 Ballivo‚
975 3269 1011 3326 et
1042 3252 1303 3328 Communitati
1331 3255 1538 3329 omnimoda
1565 3271 1661 3328 vasta

451 3371 487 3429 et
517 3354 775 3428 destructiones
803 3379 1036 3470 quecumque,
1065 3371 1146 3428 ante
1176 3354 1313 3431 dictum
1343 3355 1550 3429 vicesimum
1587 3372 1660 3429 ter-

452 3457 548 3528 cium
566 3453 660 3534 diem
681 3453 828 3554 Aprilis,
850 3479 913 3554 per
936 3455 1029 3552 ipsos
1056 3455 1247 3555 Majorem,
1278 3455 1467 3544 Ballivum,
1496 3473 1532 3529 et
1550 3455 1657 3530 Com-

454 3555 666 3630 munitatem
696 3553 853 3628 factam
882 3555 1164 3655 quibuscumque
1195 3556 1307 3646 terris,
1341 3557 1564 3646 tenementis,
1596 3581 1659 3630 seu

453 3656 739 3772 hereditamentis
756 3655 1007 3755 cujuscumque
1023 3680 1182 3755 persone,
1196 3683 1265 3756 que
1282 3673 1344 3746 est,
1358 3673 1418 3731 aut
1439 3655 1521 3746 fuit,
1539 3657 1659 3757 aliquo

453 3773 613 3855 tempore
630 3757 667 3829 in
690 3757 848 3831 custodia
855 3774 996 3872 nostra,
1019 3773 1080 3829 aut
1106 3757 1253 3873 alicujus
1280 3759 1550 3858 progenitorum
1578 3784 1660 3832 nos-

452 3875 603 3974 trorum,
628 3859 764 3932 ratione
785 3857 938 3958 junioris
963 3857 1068 3933 etatis
1094 3857 1251 3958 ejusdem
1279 3859 1440 3933 heredis:
1467 3859 1517 3934 Et
1537 3883 1660 3933 omnes

452 3961 569 4034 exitus
602 3976 639 4033 et
669 3957 826 4057 proficua
854 3958 1050 4032 eorundem
1080 3973 1266 4049 terrarum,
1295 3975 1592 4050 tenementorum,
1622 3974 1659 4033 et

453 4061 839 4136 hereditamentorum
830 4058 940 4158 ipsius
956 4058 1104 4147 heredis,
1121 4085 1159 4132 ac
1177 4059 1373 4134 custodiam
1385 4078 1422 4134 et
1436 4061 1658 4160 maritagium

451 4161 611 4279 ejusdem
629 4161 791 4236 heredis:
819 4160 869 4234 Et
887 4185 992 4234 omne
1012 4159 1050 4234 id
1066 4160 1165 4259 quod
1192 4161 1235 4234 ad
1264 4187 1329 4236 nos
1355 4162 1491 4236 ratione
1513 4161 1660 4261 alicujus

452 4263 656 4363 hujusmodi
677 4263 765 4337 vasti
787 4260 1039 4335 destruccionis
1064 4260 1228 4358 pertinet,
1245 4287 1306 4334 seu
1328 4263 1502 4360 pertinere
1528 4263 1660 4364 poterit
