3718 5284
441 526 486 600 54
798 497 973 574 novos
998 495 1285 588 eunomus,

438 705 527 800 eujus
545 707 592 774 rei
623 703 836 774 testimouium
861 700 926 772 hiis
952 700 1133 773 indenturis
1156 699 1298 796 sigillum
1315 721 1476 772 commuue
1493 723 1559 772 uno
1577 723 1646 772 eum

438 804 560 900 sigillis
589 802 813 898 predictorum
854 801 1021 888 Willelmi,
1059 801 1217 887 Ricardi‚
1257 799 1423 888 thhlmr',
1463 799 1645 892 Jolumnis,

440 903 574 991 Tltome,
605 922 638 976 et
668 899 829 975 Willelmi
856 902 991 993 Russel‚
1018 901 1207 973 alternatim
1233 916 1280 972 est
1302 917 1489 996 appensum.
1541 902 1591 972 Et
1613 917 1651 973 ut

439 1007 640 1100 imposterum
670 1005 779 1076 omnio
799 1006 968 1098 premisso
983 1002 1121 1092 firmius
1152 1001 1341 1073 roborentur
1365 1000 1647 1077 excellentissimus

439 1129 537 1178 eomes
562 1105 708 1178 domimo
734 1103 929 1176 Edmundus
945 1102 1042 1192 filius
1068 1102 1203 1176 illustris
1229 1103 1310 1199 regis
1333 1101 1464 1200 Anglie,
1482 1117 1515 1174 et
1532 1103 1648 1176 Custos

439 1208 575 1304 quinque
595 1221 762 1302 portuum,
785 1205 932 1298 predicta
958 1205 1077 1297 scripta
1104 1202 1212 1300 sigilli
1237 1205 1291 1277 sui
1317 1203 1528 1297 impressione
1552 1203 1647 1276 robo-

440 1309 542 1379 ravit.

514 1407 614 1481 Doto
648 1407 807 1480 Dooorro
840 1406 993 1477 vicesimo
1026 1407 1123 1476 tercio
1156 1404 1209 1475 die
1248 1403 1398 1476 Octobris
1431 1429 1517 1478 anuo
1550 1407 1647 1501 regni

439 1510 526 1606 regis
542 1507 722 1595 Edwardi,
737 1506 802 1596 filii
819 1507 905 1604 regis
921 1505 1098 1596 Edwardi‚
1116 1502 1265 1578 'dicimo
1283 1507 1425 1600 septimo.

515 1609 595 1681 Nos
624 1607 883 1681 considerantes
912 1605 1010 1704 quod
1040 1605 1133 1678 inter
1161 1605 1322 1678 homines
1349 1603 1515 1679 habentes
1542 1631 1648 1679 naves

440 1708 665 1809 passagiarias
682 1708 718 1781 in
735 1707 860 1780 eodem
878 1722 997 1804 portu,
1007 1721 1187 1780 etceteros
1199 1706 1360 1780 homines
1371 1705 1649 1781 Communitatis

439 1810 596 1908 predicte
613 1834 716 1907 super
734 1807 893 1906 proficuo
909 1807 1060 1905 passagii
1108 1805 1245 1897 redicti,
1263 1807 1400 1882 diverse
1417 1806 1649 1882 dissensiones

440 1927 476 1983 et
492 1910 669 1984 discordie
693 1924 775 1983 ante
797 1909 860 1982 hec
885 1924 1047 2006 tempora
1071 1831 1216 1981 deerunt
1241 1907 1386 1982 suborte
1402 1933 1445 1980 ex
1461 1907 1592 2007 quibus
1609 1908 1646 1981 in

439 2012 565 2084 eodem
591 2026 697 2107 portu
722 2009 875 2108 dampna
891 2008 1044 2107 plurima
1067 2024 1272 2098 evenerunt,
1294 2008 1523 2107 volentesque
1549 2008 1648 2083 malis

441 2111 645 2213 hujusmodi
674 2135 741 2208 pro
765 2109 897 2182 futuris
922 2108 1141 2206 temporibus
1165 2107 1309 2182 obviare
1335 2125 1372 2182 et
1399 2109 1646 2208 tranquillitati

438 2228 476 2287 et
500 2211 612 2313 quieti
638 2210 801 2284 omnium
826 2225 862 2282 et
886 2210 1108 2309 singulorum
1135 2225 1260 2308 portus
1279 2209 1429 2308 predicti
1448 2210 1645 2310 providere,

440 2313 560 2387 omnia
591 2328 628 2385 et
659 2311 798 2410 singula
831 2312 996 2409 premissa
1025 2310 1062 2382 in
1092 2309 1189 2384 dicto
1218 2311 1351 2409 scripto
1380 2327 1545 2385 contenta
1573 2327 1648 2384 rata

440 2411 608 2488 habentes
623 2427 659 2485 et
677 2429 778 2512 grata
793 2437 834 2484 ea
849 2437 915 2510 pro
932 2410 1034 2484 nobis
1054 2427 1090 2484 et
1107 2410 1294 2485 heredibus
1314 2411 1455 2499 nostris,
1473 2428 1646 2511 quantum

440 2516 477 2587 in
506 2514 610 2588 nobis
638 2529 703 2603 est,
734 2512 961 2587 concedimus
991 2527 1026 2586 et
1055 2513 1306 2585 confirmamus
1335 2536 1419 2587 cum
1448 2513 1646 2613 adjeceione

439 2612 532 2688 infra
547 2615 686 2712 scripta,
703 2613 879 2701 videlicet,
903 2613 1001 2712 quod
1027 2637 1150 2686 omnes
1169 2629 1206 2686 et
1221 2613 1353 2713 singuli
1377 2614 1422 2687 de
1439 2630 1549 2711 portu
1590 2639 1647 2686 re-

439 2716 537 2790 dicto
562 2717 624 2816 qui
652 2739 757 2787 naves
781 2739 845 2787 seu
870 2712 1016 2788 bateltos
1041 2712 1244 2814 hujusmodi
1270 2713 1495 2812 passagiarios
1519 2639 1647 2787 habere

439 2816 595 2915 poterint
611 2832 647 2889 et
664 2815 856 2904 voluerint,
873 2839 934 2888 eos
958 2813 1120 2904 habeant,
1150 2829 1187 2888 et
1211 2814 1493 2888 contributiones
1518 2814 1648 2888 faciant

439 2919 665 3016 supradictas,
692 2933 729 2990 et
752 2917 852 3016 quod
879 2915 1026 3014 pecunia
1050 2915 1095 2988 de
1119 2915 1445 2989 contribucionibus
1470 2915 1538 2990 illis
1565 2941 1646 3015 per-

438 3019 581 3091 veniens
597 3019 634 3091 in
655 3018 808 3116 quadam
833 3015 1015 3090 communi
1032 3016 1119 3091 cista
1135 3017 1171 3090 in
1188 3016 1331 3090 ecclesia
1347 3017 1462 3090 Sancti
1482 3017 1644 3107 Martini,

438 3121 614 3207 Dovorre,
651 3118 716 3192 sub
752 3118 913 3193 custodia
955 3118 1112 3191 duorum
1146 3116 1203 3191 vel
1235 3119 1347 3190 trium
1382 3116 1574 3215 proborum
1609 3133 1645 3192 et

436 3220 601 3318 legalium
643 3217 830 3292 hominum
873 3234 1000 3316 portus
1034 3217 1182 3316 predicti
1220 3216 1427 3317 hujusmodi
1471 3243 1577 3291 naves
1609 3236 1645 3292 et

438 3319 582 3394 botellos
599 3319 825 3419 passagiarios
841 3319 1050 3392 habeneium
1068 3343 1130 3416 per
1147 3318 1307 3391 homines
1324 3343 1429 3392 naves
1445 3335 1481 3392 et
1498 3319 1645 3393 botellos

437 3420 642 3494 hu'usmodi
670 3420 837 3492 habentes
858 3419 1011 3517 eligend'
1029 3435 1065 3491 et
1082 3419 1149 3492 sub
1165 3418 1289 3518 sigillis
1309 3419 1460 3492 aliorum
1486 3420 1643 3493 duorum

435 3547 481 3596 ve
519 3523 629 3595 trium
656 3520 851 3620 proborum
868 3536 904 3592 et
921 3519 1088 3619 legalium
1106 3519 1290 3592 hominum
1307 3521 1353 3592 de
1375 3519 1518 3596 residuo
1534 3522 1641 3596 Com·

437 3623 620 3697 munitatis
637 3621 792 3720 predicte
810 3645 875 3718 pro
891 3621 940 3693 eis
956 3620 999 3694 ad
1016 3620 1085 3693 hoc
1100 3619 1263 3694 similiter
1280 3621 1430 3721 eligend'
1443 3621 1643 3721 deponatur

435 3723 656 3797 custodiend'
680 3722 718 3795 in
742 3720 916 3794 auxilium
941 3720 1077 3794 servicii
1101 3720 1203 3794 nobis
1230 3737 1266 3796 et
1296 3721 1484 3796 heredibus
1513 3725 1643 3798 nostris

435 3826 480 3898 de
505 3841 615 3923 portu
639 3823 800 3922 predicto
825 3820 935 3895 debiti
961 3820 1110 3897 faciend’
1128 3839 1163 3895 et
1184 3847 1250 3920 pro
1274 3821 1350 3896 aliis
1374 3822 1642 3899 necessitatibus

431 3926 591 4026 ejusdem
608 3941 734 4024 portus
750 3947 831 3997 eum
847 3921 1064 3996 occurrerint
1079 3921 1204 3996 melius
1220 3925 1462 4022 supportand‘.

509 4027 552 4100 ln
570 4025 671 4128 cujus
687 4024 737 4100 rei
755 4023 999 4100 testimonium
1016 4024 1078 4098 has
1094 4023 1229 4099 litteras
1247 4042 1386 4100 nostras
1404 4025 1478 4099 fieri
1492 4023 1641 4100 fecimus

432 4144 601 4226 patentes.

506 4229 615 4302 Teste
631 4252 701 4315 me,
719 4227 797 4324 ipso
818 4225 914 4322 apud
931 4225 1303 4315 westmonasterium,
1320 4227 1489 4301 vicesimo
1511 4245 1640 4328 quarto

431 4328 489 4403 die
507 4329 635 4403 Marcii
653 4353 746 4402 anno
761 4328 863 4427 regni
880 4327 991 4402 nostri
1008 4325 1147 4400 decimo
1163 4326 1326 4426 septimo.

428 4523 507 4610 [14]
976 4439 1094 4516 '¹³²³'
