3700 5260
442 435 517 510 430
801 409 979 487 DOVER
1004 409 1284 490 CHARTERS

442 611 610 712 placitum
636 611 885 687 convencionis
909 613 1169 688 summonitum
1194 612 1265 689 fuit
1287 612 1380 688 inter
1396 615 1510 689 cosin
1526 615 1650 690 eadem

442 713 561 788 Curia
612 711 762 803 Scilicet,
788 714 889 813 quod
908 714 1058 814 predicti
1075 714 1254 788 Robertus
1276 711 1424 812 Hedley
1442 732 1479 789 et
1496 714 1650 791 Kather-

441 815 512 904 ina,
555 837 648 888 uxor
688 813 775 914 ejus,
813 815 1035 908 summoniti,
1073 830 1262 908 venerunt,
1295 831 1331 889 et
1364 833 1650 917 recognoverunt

441 915 630 1112 pubinum
660 915 861 1012 predictum
894 939 977 989 eum
1005 915 1079 988 suis
1108 915 1332 1014 pertinenciis
1357 941 1432 990 esse
1453 915 1515 1018 jus
1540 917 1651 1016 ipsius

465 1042 488 1091 ο

489 1015 614 1089 hannis
640 1015 766 1104 Lucas,
793 1031 834 1090 ut
860 1013 920 1090 illa
946 1039 1016 1116 que
1042 1015 1137 1090 idem
1163 1015 1342 1112 Johannes
1368 1016 1473 1091 hebet
1491 1043 1536 1091 ex
1552 1016 1651 1092 dono

442 1115 686 1216 predictorum
724 1114 872 1191 Roberti
909 1131 947 1191 et
985 1116 1190 1206 Katherine,
1223 1142 1263 1191 ac
1293 1117 1345 1191 illi
1374 1119 1585 1192 remiserunt
1613 1135 1650 1193 et

442 1217 605 1318 quietum
617 1215 858 1291 clamaverunt
870 1218 915 1290 de
927 1215 1012 1316 ipsis
1025 1219 1186 1292 Roberto
1196 1235 1233 1292 et
1246 1218 1651 1308 Katherinnetheredi-

442 1317 509 1392 bus
533 1342 692 1408 suorum,
717 1342 757 1392 ec
781 1316 969 1392 heredibus
991 1318 1135 1393 alterius
1157 1343 1294 1409 eorum,
1316 1321 1478 1418 predicto
1494 1320 1649 1417 Johnnni

447 1421 573 1507 Lucus,
614 1433 652 1492 et
692 1416 880 1492 heredibus
921 1418 1032 1518 ipsius
1066 1419 1239 1515 Johannis
1271 1419 1545 1520 imperpetuum.
1599 1421 1651 1495 Et

442 1537 600 1622 preterea
623 1518 732 1593 iidem
758 1519 934 1593 Robertus
959 1518 1106 1620 Hedley
1130 1536 1167 1594 et
1193 1520 1388 1596 Katherina
1403 1539 1651 1596 concesserunt

442 1647 510 1722 pro
535 1645 572 1696 se
596 1635 632 1694 et
658 1619 844 1694 heredibus
867 1619 952 1709 suis,
977 1645 1017 1694 ac
1034 1620 1221 1695 heredibus
1236 1621 1382 1696 alterius
1396 1647 1532 1712 eorum,
1550 1622 1649 1721 quod

442 1721 508 1822 ipsi
550 1719 831 1836 warentizsbunt
864 1719 1026 1836 predicto
1058 1721 1212 1837 Johnnni
1245 1722 1360 1839 Lucas
1391 1740 1430 1796 et
1462 1721 1650 1796 heredibus

441 1848 520 2000 {iii
539 1820 741 1998 iffi
760 1819 1486 2013 fflhnhTffiQZZ¹¹3rffisb²
1502 1825 1650 1998 1333&

440 2024 582 2100 alterius
606 2046 732 2096 eorum
756 2021 1021 2120 imperpetuum
1048 2047 1111 2122 per
1136 2039 1323 2121 presentes.

517 2124 600 2198 Hec
623 2121 719 2196 eninr
745 2121 858 2195 findis
883 2122 1073 2196 concordia
1097 2124 1278 2198 recordatu
1299 2123 1336 2197 in
1354 2123 1451 2198 Aula
1466 2126 1595 2199 Dovor
1610 2126 1647 2198 in
