3738 5304
472 483 545 582 356
832 481 1013 556 novun
1039 479 1321 556 cernemus

1018 679 1150 764 CIV.

751 871 834 920 xxx
854 851 1032 934 Octobris.
1053 870 1150 922 euno
1169 866 1192 923 2
1212 853 1314 922 Edu.
1333 853 1398 922 VI.

476 1011 661 1084 Ounruus
692 1007 827 1082 Christi
858 1008 1021 1082 fidelibus
1049 1011 1095 1084 ud
1150 1031 1217 1084 uos
1244 1008 1313 1081 hoc
1342 1033 1485 1108 presens
1513 1007 1686 1107 scriptum

521 1107 687 1200 rvenerit,
720 1109 881 1183 Thomas
915 1108 1055 1208 Moyle‚
1127 1109 1420 1183 'es-Salutem
1454 1109 1491 1183 in
1520 1109 1683 1184 domino.

476 1137 644 1286 hoveriti
665 1235 747 1286 rme
776 1207 954 1308 prefatum
983 1209 1175 1300 Thomun,
1205 1227 1279 1284 tem
1307 1235 1373 1308 pro
1406 1227 1501 1284 certe
1538 1207 1686 1310 pecunie

476 1337 615 1386 summa
639 1309 726 1386 mihi
752 1335 815 1410 per
838 1311 1036 1406 Johanncm
1061 1308 1231 1412 Deringe,
1253 1309 1481 1410 armigerum,
1509 1311 1547 1384 in
1574 1309 1688 1382 mani-

477 1413 544 1488 bus
561 1411 648 1487 meis
664 1411 792 1502 soluta,
805 1436 912 1511 quam
929 1436 996 1510 pro
1013 1411 1162 1486 diversis
1178 1411 1253 1484 aliis
1270 1410 1612 1487 consideracionibus
1629 1435 1687 1482 me

479 1511 717 1602 moventibus,
736 1513 883 1602 dedisse,
901 1513 1120 1602 concessisse,
1134 1509 1386 1612 bargenizasse,
1400 1530 1436 1586 et
1448 1512 1516 1586 hoc
1533 1511 1687 1612 presenti

479 1614 613 1791 slppnpto
643 1638 734 1704 meo,
756 1612 964 1787 'veihdidiaee
993 1629 1099 1714 atque
1133 1613 1356 1687 confirmasse
1385 1613 1509 1789 peigplm
1533 1611 1687 1710 Johtnni

669 1738 789 1788 omniu
843 1729 990 1787 aterras
1005 1730 1042 1787 et
1058 1729 1259 1788 tenementu
1284 1739 1361 1788 meu
1488 1731 1546 1789 tus
1571 1737 1688 1788 rever·-

480 1740 651 1890 sionebgeet’
665 1813 811 1888 servicia
826 1838 908 1887 cum
929 1812 1095 1889 omnibus
1119 1813 1191 1888 suis
1215 1815 1451 1915 pertinenciis,
1476 1839 1546 1914 que
1570 1837 1689 1914 quon-

481 1917 564 1990 dam
592 1914 738 1990 fuerunt
771 1915 887 1990 Marie
916 1915 1069 2013 Putvyn,
1098 1929 1135 1989 et
1168 1931 1289 2014 postea
1325 1915 1507 2017 cujusdam
1546 1915 1690 1990 Thome

484 2018 601 2114 Petyt,
639 2039 753 2114 nuper
791 2015 835 2088 de
873 2017 1012 2109 Devor,
1051 2013 1221 2104 defuncti,
1256 2033 1294 2090 et
1323 2041 1394 2115 que
1422 2041 1502 2117 ego,
1531 2013 1691 2114 prefatus

483 2118 654 2205 Thomas,
680 2113 897 2190 con'unctim
923 2141 1004 2188 cum
1031 2115 1186 2190 Ricardo
1212 2116 1381 2217 Deringe,
1411 2117 1596 2217 armigero,
1611 2115 1689 2217 jem

483 2215 666 2303 defuncto,
695 2139 801 2289 habui
829 2241 874 2289 ex
902 2215 1000 2291 dono
1028 2233 1065 2290 et
1091 2215 1315 2290 concessione
1331 2217 1517 2319 cujusdam
1537 2215 1689 2290 Martini

484 2318 636 2434 ffoulkeu
647 2317 685 2389 in
709 2315 793 2390 villa
812 2316 858 2390 de
874 2317 1002 2390 Dovor
1018 2333 1055 2390 et
1069 2314 1294 2434 libertatibus
1308 2317 1479 2435 ejusdem,
1498 2341 1634 2391 necnon
1644 2317 1689 2434 'iu

483 2415 1262 2617 tiththhththhhihhtt
1275 2419 1689 2594 2¹”risssstithth

484 2618 604 2695 omnia
619 2632 656 2692 et
671 2616 811 2717 singula
826 2616 984 2716 predicta
1000 2633 1109 2692 terras
1123 2635 1161 2693 et
1179 2635 1381 2693 tenementa
1396 2619 1557 2695 redditus
1573 2644 1692 2694 rever-

484 2721 601 2794 siones
616 2735 653 2792 et
668 2717 813 2792 servicia
828 2743 868 2792 sc
884 2732 1000 2792 cetera
1015 2717 1183 2816 premissa
1199 2744 1281 2792 cum
1299 2721 1524 2818 pertinenciis
1552 2717 1692 2818 prefato

484 2821 640 2918 Johanni
664 2819 835 2918 Deringe,
861 2818 1048 2894 heredibus
1071 2835 1108 2892 et
1127 2819 1311 2920 assignatis
1326 2821 1411 2910 suis,
1429 2822 1473 2896 ed
1490 2845 1594 2894 usum
1611 2844 1694 2919 per·

488 2939 638 3040 petuum
654 2919 815 3021 ejusdem
830 2918 1001 3036 Johennis
1018 2918 1198 3037 heredum·
1213 2937 1249 2994 et
1274 2921 1529 3038 assignetur-um
1545 2945 1693 3036 suorum

487 3019 1331 3220 ifft‘t‘huhh‘tthib‘fftb'sshhi‘tff'
1349 3021 1525 3223 ¹1¹}th
1537 3047 1694 3222 ,teth

488 3225 660 3312 Thomas,
686 3237 722 3294 et
747 3219 893 3294 heredes
917 3220 985 3292 mei
1007 3219 1126 3294 omnia
1142 3222 1298 3320 predicta
1313 3238 1424 3296 terras
1441 3241 1476 3297 et
1493 3239 1696 3297 tenementa

489 3349 529 3398 uc
546 3339 658 3396 cetera
675 3321 843 3419 premissa
858 3345 940 3394 cum
957 3321 1181 3418 pertinenciis
1203 3321 1341 3422 prefato
1364 3323 1531 3418 Johanni,
1558 3323 1696 3397 heredi-

491 3425 557 3498 bus
580 3439 617 3496 et
642 3421 825 3520 assignatis
849 3421 934 3510 suis,
959 3438 1081 3495 contra
1105 3447 1228 3496 omnes
1254 3439 1378 3522 gentes
1393 3424 1696 3499 warantizabimus

490 3542 527 3599 et
567 3523 830 3623 imperpetuum
867 3518 1103 3596 defendemus
1138 3547 1201 3622 per
1234 3541 1420 3622 presentes
1474 3525 1694 3600 Novsnrrrs

495 3647 615 3700 remu
633 3647 691 3696 me
707 3617 885 3720 prefatum
901 3619 1081 3696 Thomam
1103 3622 1241 3723 Moyle‚
1267 3624 1430 3716 militem,
1451 3623 1574 3700 fecisse
1599 3624 1696 3699 ordi-

492 3749 589 3801 nasse
605 3738 642 3798 ct
658 3723 695 3797 in
712 3721 792 3795 loeo
808 3745 889 3795 meo
906 3721 1062 3821 posuisse
1088 3721 1236 3797 dilectos
1252 3725 1340 3798 mihi
1357 3725 1394 3799 in
1411 3725 1557 3802 Christo
1573 3725 1694 3800 Chris

491 3825 649 3902 toferum
687 3819 883 3897 Rssshford
920 3837 957 3896 et
994 3823 1209 3921 Stephanum
1246 3825 1367 3925 Gyles,
1396 3851 1494 3901 meos
1522 3851 1627 3902 veros
1660 3843 1697 3900 et

491 3927 671 4030 legitimos
695 3938 897 3998 attornatus
921 3923 965 3997 ed
991 3923 1156 4014 intrtnd’,
1181 3925 1258 4000 vice
1283 3951 1371 4017 mea,
1392 3944 1428 4000 et
1445 3927 1588 4003 nominc
1604 3952 1696 4017 meo,

494 4031 531 4103 in
558 4027 678 4102 omnia
703 4042 740 4099 et
766 4023 906 4122 singule
931 4024 1101 4121 premissa
1127 4051 1209 4099 cum
1236 4027 1472 4125 pertinenciis,
1499 4029 1544 4102 ad
1562 4051 1698 4128 posses-

493 4131 630 4205 sionem
659 4126 742 4200 inde
771 4125 940 4224 capiend’,
969 4141 1006 4198 ct
1085 4141 1118 4198 st
1147 4125 1350 4226 hujusmodi
1381 4128 1634 4227 possessionem
1660 4145 1698 4201 et

492 4231 656 4306 seisinam
684 4225 733 4300 sic
762 4249 826 4324 per
855 4224 960 4325 ipsos,
991 4249 1016 4298 v
1077 4225 1228 4302 alterum
1252 4253 1390 4316 eorum,
1407 4229 1490 4303 inde
1507 4246 1644 4328 captum
1661 4246 1698 4302 et

494 4329 659 4416 habitem,
693 4325 820 4402 deinde
853 4349 921 4424 pro
952 4349 1021 4417 me,
1053 4323 1130 4399 vioe
1166 4351 1255 4418 meu,
1289 4343 1326 4402 et
1356 4329 1500 4404 nomine
1530 4351 1627 4417 meo,
1651 4330 1697 4403 ud
