3726 5256
466 497 533 570 116
821 493 998 570 DOVER
1024 495 1304 572 CHARTERS

939 696 1197 777 XXXVIII.

886 873 897 936 i
920 869 1020 950 Maii,
1043 881 1083 952 15
1104 869 1178 938 Ric.
1205 871 1250 937 11.

460 1025 678 1099 Novrnruc
708 1025 861 1098 universi
890 1049 1032 1123 presens
1061 1023 1232 1122 scriptum
1266 1025 1456 1124 inspecturi
1490 1024 1588 1125 quod
1621 1023 1671 1097 ita

461 1128 627 1201 convenit
652 1125 744 1200 inter
768 1125 947 1199 Abbatem
972 1142 1008 1199 et
1036 1125 1264 1200 Conventum
1294 1126 1417 1200 Sancte
1443 1125 1672 1224 Radegundis

461 1253 505 1301 ex
541 1254 610 1301 una
643 1244 753 1327 parte,
788 1243 823 1300 et
858 1227 1051 1300 Ricardum
1090 1229 1194 1326 Petyt
1228 1228 1273 1300 de
1310 1227 1474 1302 Dovorra
1507 1227 1669 1317 exalterat,

461 1329 625 1403 videlicet
659 1329 756 1428 quod
787 1329 873 1402 dicti
907 1327 1029 1402 Abbas
1066 1345 1102 1402 et
1140 1327 1348 1403 Conventus
1389 1327 1601 1402 remiserunt
1634 1344 1670 1400 et

461 1455 525 1530 pro
558 1456 595 1504 se
633 1446 670 1504 et
702 1429 960 1504 successoribus
993 1429 1067 1502 suis
1099 1429 1262 1530 quietum
1297 1429 1536 1504 clamaverunt
1573 1429 1670 1503 dicto

461 1531 615 1606 Ricardo
657 1531 766 1633 Petyt
807 1530 1033 1604 omnimodas
1074 1531 1230 1604 acciones
1272 1555 1359 1632 quas
1400 1530 1600 1604 habuerunt
1633 1531 1671 1603 in

460 1632 717 1733 repossessione
750 1631 933 1734 cujusdam
968 1633 1083 1732 placee
1116 1648 1209 1707 terre
1235 1656 1317 1706 cum
1347 1631 1573 1731 pertinenciis
1599 1631 1672 1704 suis

453 1733 604 1835 jacentis
630 1731 721 1807 infra
745 1732 944 1808 libertatem
979 1733 1110 1806 Portus
1137 1734 1303 1808 Dovorre
1328 1733 1366 1806 in
1391 1733 1671 1807 halvendennes-

461 1837 586 1924 warde,
606 1835 792 1934 capitantis
808 1834 852 1908 ad
869 1835 962 1908 viam
979 1849 1139 1908 vocatam
1157 1833 1242 1907 blais
1259 1834 1336 1906 lane
1347 1859 1466 1907 versus
1478 1836 1668 1922 southeast‚

460 1953 496 2010 et
513 1937 558 2010 ad
571 1937 793 2036 mesuagium
811 1935 955 2008 Ricardi
975 1934 1118 2010 Plomer
1136 1959 1257 2009 versus
1275 1935 1468 2024 northeast,
1485 1935 1672 2009 latitudine

461 2037 506 2112 ad
523 2052 765 2110 tenementum
782 2036 953 2109 heredum
983 2035 1130 2110 Walteri
1147 2037 1272 2109 Acrise
1289 2060 1412 2110 versus
1428 2037 1547 2125 south,
1574 2037 1670 2109 etad

462 2138 682 2237 mesuagium
698 2134 827 2235 prefati
846 2137 988 2210 Ricardi
1006 2137 1113 2234 Petyt
1130 2163 1252 2210 versus
1270 2137 1388 2228 north,
1400 2162 1508 2238 quam
1524 2137 1671 2237 quidem

462 2239 616 2339 placeam
642 2263 724 2312 cum
750 2237 973 2336 pertinenciis
998 2239 1069 2312 suis
1094 2239 1243 2337 predicti
1261 2237 1383 2312 Abbas
1407 2254 1443 2311 et
1462 2237 1672 2312 Conventus

460 2341 643 2440 quondam
657 2339 917 2439 perquisierunt
929 2339 974 2412 de
985 2338 1130 2440 Rogero
1142 2339 1187 2413 de
1200 2339 1491 2440 Sketmansteghe
1501 2354 1538 2414 et
1551 2355 1672 2439 postea

461 2441 688 2516 tradiderunt
704 2456 741 2514 et
759 2454 1003 2514 concesserunt
1027 2440 1170 2515 Thome
1188 2441 1354 2541 Bonquer
1371 2456 1411 2514 ut
1438 2439 1540 2538 plene
1557 2440 1670 2541 liquet

460 2568 523 2643 per
548 2543 751 2616 indenturas
780 2541 864 2615 inde
890 2539 1009 2634 factas,
1036 2567 1143 2642 quam
1168 2541 1276 2615 eciam
1327 2542 1455 2615 laceam
1483 2565 1566 2616 cum
1590 2566 1671 2642 per-

461 2645 623 2718 tinenciis
652 2643 726 2716 suis
755 2641 894 2742 prefato
920 2643 1073 2717 Ricardo
1098 2643 1206 2742 Petyt
1236 2659 1271 2716 et
1295 2567 1456 2738 lohanne
1481 2643 1582 2718 uxori
1609 2668 1670 2715 sue

462 2761 707 2820 concesserunt
749 2760 786 2818 et
827 2769 891 2844 per
941 2768 1083 2843 presens
1124 2745 1296 2842 scriptum
1348 2744 1668 2820 confirmaverunt:

461 2847 610 2922 habend’
645 2860 681 2920 et
716 2845 857 2920 tenend’
892 2860 1005 2919 totam
1040 2845 1234 2944 predictam
1277 2845 1431 2943 placeam
1464 2862 1557 2920 terre
1590 2871 1670 2919 cum

461 2948 630 3024 domibus
660 2947 772 3022 muris
797 2964 833 3021 et
862 2947 1046 3021 arboribus
1071 2947 1222 3046 desuper
1244 2946 1419 3021 stantibus
1444 2962 1480 3020 et
1506 2947 1671 3021 omnibus

462 3050 537 3124 aliis
554 3049 779 3148 pertinenciis
796 3049 868 3120 suis
883 3047 1022 3148 prefato
1040 3049 1194 3122 Ricardo
1213 3047 1318 3146 Petyt
1338 3063 1375 3120 et
1391 3047 1551 3142 Johanne
1569 3048 1671 3121 uxori

462 3177 523 3224 sue
557 3151 744 3224 herodibus
770 3165 806 3222 et
832 3149 1012 3248 assignatis
1036 3147 1163 3247 prefati
1194 3149 1335 3222 Ricardi
1361 3147 1468 3244 Petyt
1496 3148 1542 3222 de
1567 3147 1671 3222 dictis

461 3249 602 3324 Abbate
627 3267 663 3325 et
694 3251 886 3325 Conventu
919 3264 956 3322 et
985 3247 1241 3322 successoribus
1274 3247 1347 3321 suis
1380 3248 1667 3348 imperpetuum:

462 3351 631 3426 reddend’
650 3353 733 3425 inde
758 3353 939 3424 annuatim
960 3375 1066 3449 super
1086 3349 1217 3424 dictam
1239 3349 1394 3447 placeam
1417 3349 1671 3448 prenominatis

462 3450 596 3527 Abbati
624 3468 660 3526 et
690 3451 893 3526 Conventui
922 3467 1108 3524 eteorum
1138 3448 1392 3523 successoribus
1419 3449 1510 3524 duos
1539 3450 1671 3524 solidos

462 3552 718 3653 sterlingorum
735 3551 836 3624 liberi
862 3552 1035 3642 redditus,
1051 3550 1215 3625 videlicet
1232 3551 1275 3624 ad
1295 3549 1463 3624 Pascham
1480 3551 1670 3625 duodecim

462 3655 635 3744 denarios,
653 3670 688 3726 et
714 3653 757 3727 ad
776 3653 919 3726 Festum
948 3653 1062 3726 Sancti
1094 3651 1259 3724 Michelis
1283 3652 1472 3727 duodecim
1499 3654 1671 3743 denarios,

463 3781 529 3855 pro
545 3755 709 3827 omnibus
725 3753 879 3827 serviciis
895 3753 999 3827 dictis
1023 3751 1157 3826 Abbati
1184 3768 1219 3826 et
1237 3752 1438 3828 Conventui
1456 3753 1606 3830 debitis:
1635 3770 1671 3828 et

463 3856 612 3931 laciend’
630 3880 697 3954 pro
726 3855 892 3952 predictis
917 3853 1057 3928 Abbate
1082 3870 1117 3927 et
1148 3852 1336 3928 Conventu
1363 3855 1557 3930 secundum
1585 3881 1670 3930 con-

462 3957 687 4031 suetudinem
705 3957 838 4029 Portus
850 3957 1014 4030 Dovorre
1031 3955 1217 4029 servicium
1230 3956 1367 4030 domini
1382 3957 1491 4058 Regis
1502 3957 1671 4057 quociens

462 4060 642 4132 evenerit:
682 4072 719 4130 et
760 4057 891 4133 sciend’
918 4073 971 4130 est
1000 4057 1098 4157 quod
1135 4057 1455 4157 quocienscumque
1493 4057 1672 4156 predictus

462 4159 621 4236 redditus
637 4159 790 4232 duorum
807 4158 1004 4232 solidorum
1021 4157 1094 4232 suis
1117 4159 1275 4232 terminis
1299 4185 1372 4233 non
1398 4157 1505 4234 fuerit
1522 4158 1670 4248 solutus,

462 4261 581 4335 licebit
599 4259 744 4360 prefatis
761 4259 893 4333 Abbati
912 4275 947 4334 et
967 4258 1170 4334 Conventui
1188 4275 1224 4333 et
1249 4261 1504 4334 successoribus
1520 4261 1593 4334 suis
1609 4285 1671 4360 per
