3738 5304
448 453 520 546 378
807 451 983 527 novas
1008 450 1283 526 ennarrans

999 650 1105 734 CX

703 825 1391 910 rsemmnneruarnraetrnar.

447 979 539 1056 Hac
565 982 756 1059 indentura
780 1000 931 1059 testatur
947 985 1046 1084 quod
1063 986 1225 1060 Thomas
1245 985 1411 1085 &nnett
1429 983 1552 1059 Ma‘or
1568 981 1652 1057 ville

446 1098 482 1155 et
508 1083 641 1157 Portus
662 1084 832 1177 Dovorie‚
850 1085 887 1159 in
914 1085 1099 1160 Comitatu
1117 1087 1258 1176 Kamie,
1277 1087 1456 1182 johannes
1528 1083 1651 1173 arbull‚

447 1182 624 1280 Johannes
651 1184 815 1274 Robines,
845 1185 1048 1260 Willelmus
1077 1187 1232 1283 Geylles,
1261 1203 1298 1261 et
1328 1185 1506 1260 Robertus
1533 1184 1652 1273 Seller,

448 1284 626 1360 Custodes
642 1285 736 1360 dicte
753 1287 848 1376 ville,
865 1287 887 1328 ⁵
897 1311 967 1360 una
979 1288 1137 1361 animum
1150 1313 1291 1361 assensu
1303 1304 1339 1361 et
1352 1313 1524 1361 consensu
1541 1285 1652 1360 totius

447 1385 726 1461 Communitatis
750 1387 908 1487 ejusdem
931 1389 1015 1462 ville
1038 1388 1261 1462 tradiderunt
1287 1402 1531 1462 concesserunt
1549 1403 1585 1460 et
1609 1386 1651 1460 ad

446 1484 564 1561 *fiodi
590 1488 728 1561 firmam
753 1488 1001 1562 *demiserunt
1031 1489 1222 1562 Valentino
1249 1489 1407 1586 Uptone,
1435 1489 1480 1562 de
1504 1488 1589 1562 villa
1616 1502 1652 1560 et

446 1604 556 1685 portu
593 1589 754 1663 Dovorie
792 1591 958 1687 predicte,
997 1614 1157 1687 yeoman‚
1201 1615 1313 1662 unum
1342 1589 1531 1690 gardinum
1571 1613 1652 1661 cum

446 1687 611 1762 omnibus
645 1690 871 1786 pertinenciis
908 1691 1148 1765 continentem
1182 1690 1219 1762 in
1253 1691 1477 1789 longitudine
1510 1690 1652 1762 alevene

446 1787 592 1885 tayllors
618 1792 742 1888 yardes
765 1791 833 1864 and
854 1817 874 1863 a
899 1789 1016 1881 hallfe,
1035 1805 1071 1864 et
1096 1792 1133 1864 in
1153 1790 1341 1866 latitudine
1360 1817 1484 1865 versus
1506 1790 1651 1891 Regiam

445 1905 591 1962 stratam
625 1915 690 1992 syx
725 1892 849 1989 yardes
881 1892 952 1965 and
985 1919 1005 1965 a
1031 1889 1147 1980 hallis,
1183 1908 1219 1965 et
1253 1891 1411 1965 alltcram
1438 1907 1575 1990 partem
1608 1889 1652 1962 acl

446 1989 563 2064 buttat
589 1991 633 2064 ad
658 2008 767 2065 terras
791 1993 940 2090 predicti
967 1993 1148 2066 Valentini
1167 1993 1317 2091 Uptone
1333 1992 1548 2066 *continent
1568 1989 1651 2088 fyve

445 2091 590 2188 tayllors
615 2093 739 2189 yardes
764 2092 834 2166 and
859 2120 880 2165 a
904 2091 1022 2183 hallfe,
1051 2093 1228 2192 jacentem
1263 2110 1300 2166 et
1327 2093 1535 2166 existentem
1560 2090 1652 2164 infra

444 2189 641 2265 libertatem
675 2191 760 2266 ville
792 2210 829 2265 et
863 2210 989 2290 portus
1023 2195 1183 2268 Dovorie
1216 2194 1372 2292 predicte
1406 2195 1442 2266 in
1471 2193 1504 2266 le
1538 2192 1652 2265 Ward

445 2308 569 2364 voerta
595 2348 603 2366 .
633 2349 642 2365 .
671 2350 679 2367 .
706 2293 831 2382 warde,
851 2292 945 2367 inter
969 2310 1099 2367 terram
1126 2295 1274 2392 predicti
1300 2293 1477 2367 Valentini
1504 2293 1652 2390 Uptone

443 2416 566 2466 versus
591 2395 784 2482 northeast,
801 2409 837 2467 et
863 2419 1089 2468 communem
1113 2395 1285 2468 venellam
1307 2419 1429 2468 versus
1453 2396 1651 2482 sowtheast,

444 2509 480 2565 et
510 2493 658 2593 Regiam
678 2511 825 2568 stratam
850 2521 974 2569 versus
999 2497 1250 2584 sowtheweast‚
1277 2511 1313 2569 et
1329 2495 1452 2569 *terre
1470 2494 1653 2592 hospitalis

443 2593 558 2666 Sancti
609 2594 853 2669 Barthilomeu
902 2621 1027 2670 versus
1078 2597 1323 2684 northeweast,
1366 2595 1552 2670 Hassno’
1607 2621 1652 2668 ετ

445 2695 609 2768 ransno’
644 2696 845 2794 predictum
878 2697 1071 2796 gardinum
1103 2722 1185 2770 cum
1223 2695 1387 2770 omnibus
1428 2696 1653 2794 pertinenciis

445 2793 583 2892 prelato
611 2795 803 2871 Valentino
829 2797 978 2895 Uptone
1003 2798 1121 2871 hered’
1145 2813 1181 2870 et
1206 2797 1270 2870 assi
1299 2798 1370 2871 nat'
1394 2796 1508 2870 *suos
1525 2821 1545 2868 a
1561 2795 1653 2870 festo

443 2895 559 2969 Sancti
590 2897 778 2971 Michaelis
802 2897 1035 2998 Archeangeli
1066 2899 1229 2996 proximo
1302 2915 1385 2971 turo
1419 2913 1501 2996 post
1533 2897 1651 2972 datam

444 2996 662 3094 presentium
692 2999 736 3071 de
763 3023 856 3071 anno
885 2999 922 3072 in
951 3023 1083 3072 annum
1113 3023 1188 3072 uno
1213 3015 1296 3097 post
1325 2999 1432 3071 aliurn
1463 3023 1574 3097 usque
1608 2997 1652 3070 ad

444 3096 552 3169 finem
578 3113 614 3170 et
642 3099 835 3172 terminum
857 3098 1013 3171 lmxix.
1040 3124 1216 3172 annorum
1241 3117 1371 3172 extunc
1404 3099 1651 3197 proximorum

443 3197 668 3296 sequentium
693 3217 729 3274 et
755 3198 909 3297 plenarie
934 3199 1159 3298 complend'3
1186 3197 1333 3274 faciend’
1359 3199 1441 3272 inde
1465 3200 1651 3274 servitium

444 3297 672 3372 dominorum
708 3316 911 3373 nostrorum
953 3300 1061 3400 Regis
1098 3316 1135 3373 et
1169 3299 1304 3400 Regine
1337 3299 1530 3373 secundum
1565 3325 1652 3374 con-

444 3399 671 3472 suetudinem
688 3399 773 3472 ville
789 3419 825 3474 et
842 3416 966 3499 portus
984 3401 1145 3476 Dovorie
1158 3401 1313 3498 predicte
1326 3425 1408 3474 cum
1421 3400 1625 3473 *accideret
1641 3427 1648 3473 :

444 3520 483 3570 ac
516 3499 622 3572 etiam
656 3498 801 3574 redend’
834 3517 871 3574 et
912 3501 1072 3575 solvend’
1108 3501 1190 3574 inde
1232 3501 1413 3574 annuatim
1448 3500 1581 3600 Majori
1614 3516 1652 3574 et

445 3598 661 3673 Custodibus
673 3600 766 3674 dicte
778 3600 863 3675 ville
874 3602 938 3701 qui
951 3618 1037 3675 tunc
1054 3626 1121 3699 pro
1138 3617 1297 3700 tempore
1314 3601 1334 3642 '¹
1344 3600 1489 3674 fuerunt
1507 3603 1543 3674 in
1559 3599 1653 3675 festo

444 3699 710 3798 Assumptionis
719 3700 838 3775 'beat’
852 3701 968 3775 Maria
977 3703 1136 3802 Virginis
1145 3719 1228 3775 octo
1238 3701 1258 3742 ¹*
1268 3701 1424 3778 dinarios
1433 3726 1500 3800 pro
1510 3703 1651 3776 annuali

444 3799 573 3892 reditu,
591 3817 627 3874 et
644 3803 672 3875 si
694 3801 877 3902 contingat
893 3802 1090 3902 predictum
1108 3804 1294 3876 annualem
1310 3803 1491 3876 redditum
1507 3802 1553 3876 de
1569 3821 1653 3876 octo

444 3899 599 3974 dinarios
619 3902 664 3976 ad
680 3900 815 3977 festum
837 3903 909 3978 vell
931 3904 1126 3978 terminum
1144 3929 1219 4004 quo
1235 3904 1326 3978 solvi
1343 3902 1468 3976 debeat
1487 3902 1653 3977 *mereto

445 4001 520 4075 sore
547 4002 584 4075 in
612 4020 709 4102 parre
735 4005 808 4078 vell
839 4005 875 4078 in
905 4021 984 4078 toto
1017 4006 1111 4079 ultra
1139 4003 1332 4078 terminum
1361 4003 1561 4102 predictum
1590 4030 1652 4103 per

443 4100 597 4198 spatium
626 4103 831 4204 quindecim
861 4105 1011 4196 dierum,
1042 4121 1128 4178 tunc
1154 4103 1293 4179 licitum
1313 4104 1418 4178 *erat
1446 4103 1580 4204 Majori
1615 4122 1652 4180 et

445 4201 664 4278 Custodibus
681 4205 764 4277 ville
782 4205 950 4305 predicte,
968 4205 1030 4306 qui
1048 4223 1136 4279 tunc
1152 4230 1218 4304 pro
1235 4223 1395 4304 tempore
1407 4204 1597 4294 *fuerunt
1614 4207 1652 4279 in

444 4303 643 4404 predictum
665 4307 855 4408 gardinum
880 4331 963 4380 cum
980 4306 1146 4380 omnibus
1162 4306 1400 4407 pertinenciis,
1416 4306 1462 4380 ad
1481 4331 1653 4406 quarum-
