3724 5256
443 477 512 530 212
802 453 982 530 DOVER
1009 455 1289 531 CHARTERS

947 654 1038 733 Lx
1054 653 1072 731 1
1089 655 1144 732 X.

765 833 800 898 vi
826 833 1053 914 Novembris,
1075 845 1117 915 25
1143 834 1235 901 Heu.
1261 834 1323 900 VI.

443 989 669 1078 Htunrcus,
711 990 768 1064 dei
811 991 925 1091 gracia
969 991 1044 1063 Rex
1086 991 1230 1090 Anglie,
1274 989 1428 1078 ffrencic,
1473 991 1650 1063 Dominus

443 1090 646 1178 Hibernie3
685 1089 864 1165 Omnibus
907 1090 1048 1165 Ballivis
1087 1109 1124 1165 et
1166 1090 1329 1166 fidelibus
1366 1091 1437 1164 suis
1473 1089 1518 1164 ad
1559 1115 1651 1188 quos

443 1207 621 1290 presentes
649 1192 766 1266 littere
795 1191 1235 1290 pervenerint—Salutem.

517 1293 638 1366 Sciatis
662 1293 762 1392 quod
787 1292 832 1367 de
856 1293 970 1394 gratia
992 1310 1113 1367 nostra
1128 1293 1266 1392 spetiali
1283 1309 1319 1366 et
1337 1317 1379 1366 ex
1396 1307 1492 1365 terta
1507 1291 1651 1365 scientia

443 1410 479 1466 et
504 1418 603 1466 mero
628 1409 729 1468 motu
755 1394 884 1468 nostris
908 1394 1193 1492 perdonavimus,
1219 1394 1427 1480 remisimus,
1457 1408 1493 1466 et
1518 1391 1648 1467 relaxa-

444 1494 561 1568 vimus
577 1495 772 1593 Radulpho
788 1494 907 1586 Toke,
925 1495 1008 1569 alias
1024 1495 1123 1570 dicto
1143 1495 1335 1594 Radulpho
1352 1495 1495 1584 Touke‚
1515 1493 1649 1594 Majori

444 1595 538 1668 Ville
555 1598 730 1684 Dovorre,
750 1621 788 1670 at
812 1596 972 1670 Waltero
998 1595 1170 1696 Nysham,
1198 1597 1349 1684 Ballivo,
1374 1621 1414 1668 ac
1439 1593 1651 1669 Communi-

444 1696 508 1771 tati
525 1697 683 1798 ejusdem
702 1696 797 1786 ville,
814 1695 1097 1797 quibuscumque
1113 1695 1189 1771 aliis
1215 1694 1416 1771 nominibus
1433 1712 1648 1783 censeantur,

443 1798 666 1872 omnimodas
714 1798 1016 1914 transgressiones,
1067 1797 1230 1887 offensas,
1274 1797 1523 1897 misprisiones,
1565 1822 1651 1871 con-

443 1915 611 1997 temptus,
639 1915 676 1972 et
705 1899 946 1998 impetitiones
973 1925 1035 1998 per
1062 1901 1157 2000 ipsos
1184 1899 1372 2000 Majorem,
1399 1897 1587 1987 Ballivum,
1614 1914 1651 1970 et

444 2000 764 2088 communitatem,
802 2016 882 2073 ante
918 2026 1053 2074 nonum
1088 2001 1183 2074 diem
1219 1999 1352 2099 Aprilis
1377 1998 1543 2090 ultimum
1569 2024 1651 2098 pre-

443 2100 601 2191 teritum,
618 2117 741 2175 contra
757 2099 907 2175 formam
924 2117 1140 2176 statutorum
1167 2103 1212 2175 de
1228 2099 1382 2174 liberatis
1398 2124 1597 2199 pannorum
1614 2115 1651 2173 et

444 2201 653 2300 tapitiorum
679 2200 786 2275 factas
810 2203 884 2274 sive
911 2219 1135 2302 perpetratas,
1153 2203 1248 2276 unde
1275 2202 1419 2300 punitio
1446 2201 1586 2276 caderet
1612 2201 1649 2274 in

444 2302 552 2377 finem
578 2319 614 2377 et
641 2303 934 2401 redemptionem,
962 2319 1025 2377 aut
1050 2305 1087 2376 in
1114 2303 1196 2377 alias
1223 2329 1328 2401 penas
1358 2302 1573 2402 pecuniarias
1589 2327 1649 2374 seu

445 2405 766 2501 imprisonamenta‚
811 2403 951 2478 statutis
992 2404 1159 2506 predictis
1203 2429 1275 2478 non
1317 2402 1561 2478 obstantibus:
1613 2418 1651 2477 et

445 2505 587 2604 insuper
613 2531 657 2577 ex
684 2521 786 2579 motu
813 2521 849 2578 et
875 2504 1019 2580 seientia
1046 2505 1175 2580 nostris
1204 2505 1489 2606 perdonavimus,
1515 2503 1651 2577 remisi-

445 2632 537 2695 mus,
562 2622 598 2680 et
623 2605 855 2680 relaxavimus
879 2606 1010 2680 eisdem
1037 2607 1182 2708 Majori,
1207 2607 1357 2698 Ballivo,
1382 2623 1418 2680 et
1441 2605 1651 2679 Communi-

443 2708 521 2799 tati‚
538 2721 668 2780 sectam
685 2708 778 2806 pacis
795 2723 914 2781 nostre
930 2734 999 2806 que
1016 2709 1061 2782 ad
1078 2733 1143 2780 nos
1159 2733 1281 2782 versus
1297 2709 1392 2808 ipsos
1404 2709 1572 2806 pertinet,
1585 2731 1651 2808 pro

445 2808 660 2882 omnimodis
706 2808 969 2908 proditionibus
1023 2808 1191 2898 murdris,
1233 2807 1392 2910 raptibus
1450 2807 1650 2897 mulierum,

444 2908 705 2998 rebellionibus,
746 2908 1076 2999 insurreccionibus,
1120 2907 1273 3000 feloniis,
1318 2907 1648 3008 conspirationibus,

446 3009 694 3109 cambipartiis,
724 3010 1013 3100 manutenenciis,
1040 3025 1078 3083 et
1107 3009 1344 3103 imbraciariis,
1373 3027 1409 3084 et
1438 3009 1513 3085 aliis
1538 3025 1652 3083 trans-

446 3110 693 3214 gressionibus,
732 3111 888 3201 offensis,
925 3112 1164 3212 negligentiis,
1200 3109 1469 3203 extorsionibus,
1511 3111 1653 3212 mispri-

448 3211 618 3301 sionibus,
656 3213 879 3312 ignorantiis,
916 3212 1187 3313 contemptibus,
1227 3213 1508 3304 concelamentis,
1546 3210 1652 3286 foris-

447 3312 603 3400 facturis,
628 3330 665 3386 et
689 3312 968 3413 deceptionibus,
994 3339 1056 3413 per
1082 3315 1176 3414 ipsos
1201 3314 1388 3416 Majorem,
1412 3312 1598 3403 Ballivum,
1614 3329 1651 3386 et

448 3414 763 3506 Communitatem,
779 3430 860 3489 ante
886 3414 1022 3488 dictum
1050 3440 1185 3489 nonum
1205 3415 1299 3490 diem
1319 3414 1467 3513 Aprilis,
1484 3414 1650 3514 qualiter-

448 3541 602 3616 cumque
631 3513 733 3590 factis
765 3517 838 3590 sive
865 3517 1096 3616 perpetratis;
1132 3517 1280 3590 aceciam
1305 3516 1473 3616 utlagarie
1508 3541 1577 3616 que
1613 3517 1650 3589 in

448 3617 543 3715 ipsos
561 3617 750 3718 Majorem,
769 3615 954 3707 Ballivum,
981 3633 1018 3691 et
1043 3616 1343 3692 communitatem
1369 3617 1437 3690 hiis
1461 3617 1652 3690 occasioni-

449 3717 526 3812 bus,
543 3743 605 3792 seu
621 3743 740 3791 earum
758 3719 885 3818 aliqua,
902 3717 1035 3793 fuerint
1052 3717 1273 3819 promulgate
1289 3743 1299 3807 ;
1324 3734 1361 3792 et
1376 3718 1513 3795 firmam
1531 3743 1651 3817 pacem

448 3835 603 3896 nostram
628 3820 677 3894 eis
701 3818 786 3893 inde
811 3819 1047 3909 concedimus,
1069 3819 1120 3893 ita
1137 3835 1256 3894 tamen
1298 3820 1371 3894 uod
1387 3835 1482 3892 stent
1499 3834 1597 3893 recto
1614 3820 1651 3892 in

449 3922 557 3996 Curia
582 3938 705 3995 nostra
730 3921 758 3994 si
785 3921 866 4021 quis
891 3946 1012 3994 versus
1037 3945 1099 3994 eos
1118 3918 1218 4021 loqui
1235 3845 1388 3995 voluerit
1404 3919 1449 3994 de
1466 3920 1652 4017 premissis,

448 4023 506 4096 vel
522 4023 642 4122 aliquo
658 4023 910 4121 premissorum
926 4045 937 4110 ;
963 4023 1062 4095 Dum
1078 4037 1195 4098 tamen
1215 4021 1323 4096 iidem
1337 4019 1471 4122 Major,
1484 4019 1651 4112 Ballivus,

447 4139 485 4196 et
515 4123 761 4198 Communitas
790 4123 987 4221 proditores
1015 4124 1061 4198 de
1090 4122 1207 4222 aliqua
1235 4122 1439 4221 proditione
1468 4147 1653 4220 personam

449 4241 608 4300 nostram
624 4240 802 4325 tangente,
819 4223 935 4324 palam
951 4225 1008 4298 vel
1028 4223 1175 4315 occulte,
1202 4249 1274 4299 non
1300 4225 1473 4299 existant:
1500 4241 1537 4298 et
1562 4224 1656 4298 ulte-
