3738 5304
454 430 525 528 ³⁶8
814 428 991 504 oovnu
1017 428 1295 505 cunnrsns

969 725 1093 808 CVI
1111 726 1142 806 1.

790 897 856 983 xxj
882 899 1058 982 Merum
1081 897 1184 967 Edw.
1206 897 1271 966 vt.

452 1057 624 1130 Tsouas
641 1055 796 1154 Cheyne,
813 1054 1006 1155 prenobilis
1022 1055 1158 1130 ordinis
1181 1070 1300 1155 garter
1316 1054 1426 1147 miles,
1447 1051 1664 1128 consiliarius

452 1157 591 1232 domini
625 1157 732 1258 regis,
766 1182 806 1230 ac
843 1155 1080 1231 thesaurarius
1116 1155 1264 1254 hospicii
1297 1156 1364 1247 sui,
1407 1180 1543 1229 necnon
1577 1180 1664 1228 con-

452 1257 660 1333 stabularius
683 1258 843 1360 ejusdem
868 1258 1005 1333 domini
1022 1257 1115 1356 regis
1140 1257 1253 1331 Castri
1271 1256 1325 1330 sui
1349 1259 1526 1346 Dovorre,
1542 1273 1664 1329 custos

453 1359 677 1433 curcellarius
718 1385 757 1434 sc
790 1358 994 1433 sdmirallus
1031 1357 1189 1457 quinque
1231 1373 1404 1456 portuum
1446 1383 1593 1432 suorum
1626 1373 1664 1430 et

453 1459 698 1537 membrorum
729 1461 950 1549 eorundem
987 1458 1119 1560 Majori
1148 1475 1185 1532 et
1211 1458 1345 1553 Jurstis
1377 1457 1463 1532 villa
1491 1475 1528 1532 et
1552 1473 1663 1558 portu

453 1561 836 1636 Dovorre-Salutem.
887 1558 1000 1634 Vobis
1024 1559 1231 1634 mandamus
1256 1576 1292 1633 et
1317 1559 1526 1633 auctoritate
1555 1559 1663 1632 officii

453 1662 566 1736 nostri
583 1662 734 1761 predicti
759 1661 909 1735 firmiter
930 1661 1154 1762 injungentes
1178 1659 1402 1759 precipimus,
1420 1659 1518 1760 quod
1542 1659 1664 1733 audita

453 1763 595 1862 querela
624 1763 767 1838 Ricardi
797 1764 1034 1861 Brownynge,
1063 1763 1108 1837 de
1141 1761 1309 1861 predictis
1338 1761 1422 1835 ville
1455 1777 1491 1835 ct
1524 1777 1664 1859 portus,

452 1865 595 1955 tailour,
623 1863 813 1963 querentis,
840 1879 877 1937 et
902 1863 1029 1937 Dawid
1056 1862 1171 1961 Pirry,
1206 1861 1362 1936 custodis
1391 1862 1493 1961 gaole
1526 1861 1663 1934 domini

516 1964 545 2036 is
564 1979 664 2038 extra
680 1989 802 2038 muros
827 1963 981 2038 civitatis
997 1964 1199 2052 Cantuarie,
1217 1960 1454 2051 defendentis,
1470 1963 1509 2036 in
1534 1961 1665 2060 placito

451 1989 567 2139 decimi
600 2063 639 2136 in
672 2064 771 2138 curis
804 2063 892 2139 dicti
927 2063 1064 2139 domini
1098 2065 1191 2164 regis
1233 2088 1352 2138 coram
1385 2061 1487 2138 vobis
1520 2060 1665 2161 prefatis

456 2163 597 2266 Majore
622 2179 659 2238 et
683 2165 815 2261 Jurstis
839 2165 924 2240 ville
940 2181 977 2238 et
1003 2181 1127 2264 portus
1153 2164 1302 2263 predicti
1321 2162 1507 2262 pendente,
1530 2162 1665 2238 vocatis

454 2290 574 2339 coram
598 2264 701 2340 vobis
721 2264 879 2364 partibus
904 2264 1081 2363 predictis,
1106 2263 1306 2364 auditisque
1333 2265 1517 2340 hincinde
1539 2289 1662 2338 eorum

454 2364 661 2454 rationibus,
679 2363 819 2465 prefato
844 2365 964 2439 David
979 2365 1086 2462 Pirry
1108 2364 1256 2464 plenum
1268 2364 1402 2466 justieii
1425 2364 1665 2463 complemen-

455 2465 820 2643 {lelll‘llnl
846 2491 929 2641 ⁰²⁵³:
952 2466 1149 2642 iminium
1163 2463 1663 2641 ffiffiiffi

456 2666 575 2758 fuerit,
609 2665 770 2762 feciend’,
802 2591 1003 2742 uered‘lamor
1032 2591 1185 2741 indepid
1210 2591 1281 2740 noi
1297 2591 1497 2765 perventitp
1505 2667 1663 2756 iteratus,

455 2769 625 2844 mandato
656 2783 782 2843 nostro
813 2766 917 2844 vobis
948 2767 1102 2868 propriis
1133 2767 1391 2842 incontrsrium
1420 2767 1558 2843 dinemo
1591 2792 1663 2841 non

456 2869 631 2960 obstante,
647 2885 684 2944 et
706 2869 774 2944 hoc
790 2867 856 2942 sub
872 2894 963 2968 pena
979 2886 1017 2943 et
1041 2868 1199 2969 periculo
1221 2867 1449 2943 incumbente
1464 2869 1665 2943 mullatenus

457 2970 643 3046 omittatis.

530 3072 625 3145 Data
648 3072 743 3168 apud
768 3070 935 3145 Quum
960 3069 1159 3169 predictum
1183 3067 1250 3143 sub
1275 3067 1394 3169 sigillo
1418 3069 1525 3144 officii
1551 3069 1663 3143 nostri

456 3170 588 3246 ibidem
605 3171 681 3243 xxi⁰
697 3171 756 3245 die
773 3171 902 3244 Marcii
920 3197 1013 3246 anno
1029 3171 1130 3270 regni
1149 3169 1286 3245 domini
1303 3169 1471 3244 Edwardi
1488 3170 1588 3259 sexti,
1606 3168 1664 3244 dei

456 3269 1666 3473 {stabiamAnfiiicioeiiimdldpdisiiibdiniiibiilni'oefidbiiplieeriiimgiiiitibc

454 3489 798 3748 sePtitiiolleverlepp.

532 3673 749 3770 Remainsof
791 3698 808 3746 e
828 3672 1031 3747 Constable's
1048 3672 1135 3746 Seal.

458 4023 542 4125 [51]
581 4057 585 4063 ·
