3702 5256
447 475 522 548 414
803 447 981 526 DOVER
1006 447 1284 524 CHARTERS

938 747 1168 830 cxxn.

790 921 1310 1007 dleAugusmnouElim

446 1080 536 1155 Hac
555 1080 742 1154 indentura
761 1094 909 1153 testatur
925 1077 1024 1178 quod
1041 1076 1247 1151 Willelmus
1272 1076 1512 1178 Hanyngton,
1532 1079 1656 1179 Major

444 1183 529 1257 ville
553 1195 591 1255 et
607 1197 733 1280 portus
749 1181 889 1268 Dovor,
907 1181 944 1252 in
970 1179 1141 1254 comitatu
1158 1177 1303 1268 Kancie,
1321 1179 1483 1252 Thomas
1499 1179 1656 1267 Painter,

444 1283 622 1378 Jolunnes
639 1280 831 1379 Hobdaye,
848 1279 1027 1354 Robertus
1052 1278 1218 1368 Nicham,
1234 1294 1271 1353 et
1295 1278 1510 1353 Cristofertu
1527 1280 1655 1368 Eliott,

445 1383 621 1460 Custodes
654 1381 747 1457 dicte
780 1380 877 1470 ville,
908 1381 1064 1454 unanimi
1098 1403 1238 1454 assensu
1267 1395 1303 1454 et
1337 1405 1510 1455 consensu
1543 1381 1657 1455 totius

446 1483 723 1560 Communitatis
755 1481 912 1584 ejusdem
953 1479 1039 1556 ville
1073 1479 1296 1554 tradiderunt
1337 1498 1585 1556 concesserunt
1618 1496 1656 1556 et

444 1587 490 1660 ad
516 1585 613 1660 feodi
647 1583 784 1658 firmam
812 1582 1023 1657 dimiserunt
1048 1580 1201 1676 Johanni
1231 1581 1396 1680 Boorlye,
1425 1583 1471 1657 de
1500 1583 1584 1657 villa
1616 1599 1655 1657 et

445 1701 553 1785 portu
570 1688 700 1760 Dovor
716 1683 883 1782 predicte,
900 1706 1083 1783 generoso,
1098 1707 1206 1756 unam
1223 1707 1370 1756 vacuam
1388 1683 1542 1781 placeam
1559 1697 1655 1756 terre

445 1811 527 1861 cum
554 1784 718 1860 omnibus
742 1785 817 1858 suis
841 1782 1076 1882 pertinenciis,
1102 1783 1341 1856 continentem
1366 1784 1404 1856 in
1429 1784 1466 1858 lo
1516 1783 1653 1858 'tudine

444 1887 679 1988 quadraginta
700 1901 856 1985 quatuor
878 1885 996 1984 pedes,
1013 1898 1050 1958 et
1067 1884 1103 1956 in
1123 1882 1311 1958 latitudine
1335 1909 1447 2000 usque
1528 1884 1652 1959 nlltum

446 2012 552 2075 mare,
563 1987 740 2160 jacentppln¹
756 2002 793 2059 et
811 1985 1021 2102 eristentem
1044 1981 1135 2158 ipfra
1150 1982 1349 2158 liipertatem
1369 1984 1456 2059 ville
1459 2000 1523 2159 νεὼ
1525 2001 1653 2086 portus

443 2089 680 2278 gptveprlrpoepg
702 2101 1182 2284 inctdc’cdiiiecioddailoffrti)
1196 2101 1501 2284 aIdeeadileyteiieersus
1523 2111 1654 2261 doitrli:

444 2304 529 2376 east,
561 2287 706 2388 Regiam
734 2302 878 2360 stratam
913 2310 1035 2359 versus
1069 2285 1291 2375 northweest,
1324 2311 1363 2360 ac
1396 2287 1522 2361 alitum
1555 2311 1652 2360 mare

444 2413 566 2462 versus
598 2388 805 2462 southeast:
850 2383 1001 2460 habend’
1030 2399 1066 2459 et
1101 2385 1242 2461 tenend'
1276 2385 1471 2502 predictam
1503 2411 1651 2462 vacuam

444 2490 597 2590 placeam
615 2503 706 2563 terre
722 2512 805 2560 cum
821 2486 986 2561 omnibus
1003 2484 1078 2558 suis
1094 2484 1318 2584 pertinenciis
1358 2487 1475 2562 refato
1498 2487 1652 2582 Johanni

442 2590 605 2688 Boorley,
617 2587 806 2664 heredibus
817 2603 854 2660 et
870 2585 1054 2688 assignatis
1069 2587 1152 2680 suis,
1170 2584 1293 2661 afeeto
1349 2587 1519 2664 ativitatis
1534 2589 1650 2662 Sancti

443 2690 614 2785 Johannis
630 2689 787 2788 Baptiste
811 2688 941 2762 ultimo
965 2687 1137 2786 preterito
1157 2702 1238 2761 ante
1260 2687 1343 2762 data
1362 2689 1587 2787 presentium,
1606 2689 1651 2763 de

445 2816 539 2866 anno
555 2791 592 2864 in
613 2815 744 2865 minum
760 2814 834 2863 uno
850 2805 931 2888 post
955 2786 1066 2876 allius,
1084 2787 1257 2886 usquead
1275 2789 1381 2862 linem
1403 2806 1440 2863 et
1456 2789 1650 2864 terminum

446 2891 637 2992 nonaginta
662 2915 792 2965 novem
814 2912 988 2963 annorum
1005 2903 1134 2961 extunc
1159 2888 1402 2988 proximorum
1426 2890 1651 2990 sequentium

444 3009 480 3068 et
497 2993 650 3092 plenarie
663 2989 863 3089 complend’
880 3017 888 3063 ε
915 2987 1063 3063 faciend’
1076 2987 1158 3062 inde
1170 2989 1357 3064 servicium
1372 2990 1515 3064 domine
1532 3007 1652 3065 nostre

445 3093 582 3193 Regine
598 3108 634 3166 et
650 3089 905 3166 successoribus
921 3089 992 3163 suis
1007 3088 1201 3163 secundum
1217 3091 1507 3166 consuetudinem
1524 3107 1651 3190 portus

444 3193 603 3266 Dovorie
627 3217 709 3266 cum
733 3191 920 3264 acciderit:
947 3214 988 3262 ac
1011 3187 1117 3262 etiam
1143 3189 1314 3264 reddend’
1330 3208 1366 3265 et
1390 3190 1548 3268 solvend'
1565 3193 1649 3266 inde

443 3292 599 3368 anuatim
634 3291 767 3392 Majori
800 3306 836 3364 et
869 3287 1086 3363 Custodibus
1118 3288 1212 3362 dicte
1254 3291 1337 3364 ville
1369 3291 1430 3392 qui
1464 3308 1550 3367 tunc
1582 3318 1650 3392 pro

444 3409 603 3493 tempore
619 3391 764 3481 fuerint,
779 3391 817 3464 in
833 3387 925 3464 festo
949 3389 1218 3488 Assumpcionis
1235 3389 1333 3466 beate
1357 3391 1474 3466 Marie
1489 3393 1649 3494 Virginis

444 3496 535 3572 duos
553 3492 686 3568 solidos
702 3517 769 3591 pro
788 3491 927 3565 annuali
943 3489 1088 3564 redditu
1105 3513 1117 3577 ;
1141 3505 1178 3563 et
1200 3489 1229 3564 si
1250 3494 1432 3592 contingat
1448 3493 1648 3591 predictum

444 3596 628 3670 annualem
653 3594 843 3680 redditum,
872 3593 916 3666 de
945 3591 996 3692 ijs.
1025 3591 1068 3664 ad
1099 3587 1229 3664 fectum
1254 3595 1326 3666 vell
1351 3593 1542 3668 terminum
1567 3620 1650 3695 pre-

444 3695 592 3786 dictum,
610 3719 684 3795 quo
700 3691 805 3768 sollvi
829 3689 953 3767 debeat
969 3706 1084 3765 aretro
1099 3688 1177 3764 fore
1202 3691 1396 3768 insolutum
1412 3693 1450 3767 in
1476 3711 1575 3794 parte
1590 3697 1650 3771 vel

444 3797 482 3872 in
500 3812 580 3871 toto
604 3797 697 3870 ultra
720 3793 912 3870 terminum
935 3792 1134 3892 predictum
1151 3817 1213 3892 per
1231 3795 1387 3892 spacium
1403 3792 1481 3868 rrvlm
1496 3795 1649 3887 dierum,

445 3898 475 3972 si
490 3897 665 3998 legittime
688 3895 852 3994 petitum,
869 3909 956 3968 tunc
969 3891 1108 3966 licitum
1131 3891 1200 3966 erit
1227 3895 1359 4013 Majori
1375 3911 1413 3971 et
1430 3895 1650 3972 Custodibus

447 3997 530 4073 ville
556 3997 712 4098 predicte
736 3995 798 4097 qui
824 4011 911 4069 tunc
934 4018 1001 4093 pro
1024 4009 1184 4091 tempore
1208 3992 1353 4089 fuerant,
1382 3997 1420 4070 in
1454 3997 1648 4096 predictam

446 4124 591 4173 vacuam
621 4097 773 4198 placeam
799 4112 891 4170 terre
918 4119 999 4168 cum
1033 4092 1197 4167 omnibus
1229 4097 1301 4172 suis
1333 4097 1568 4196 pertinenciis,
1601 4099 1647 4173 ad

444 4223 751 4300 quorumcumque
791 4221 917 4272 manus
959 4193 1127 4284 evenerit,
1169 4193 1349 4290 reintrare,
1391 4197 1564 4290 rehabere,
1609 4216 1647 4273 et
