3722 5278
434 490 483 558 40
794 463 969 538 DOVER
994 461 1272 537 CHARTERS

962 657 1111 744 xlx

758 837 846 920 xxvj
869 837 1066 920 Februarii.
1088 849 1110 906 e
1131 836 1233 906 son.
1257 836 1324 904 111.

435 995 664 1069 Enwnnnus
691 995 748 1070 dei
774 995 888 1096 gratia
914 997 989 1070 Rex
1020 994 1164 1097 Anglle‚
1190 995 1371 1069 Dominus
1396 993 1587 1083 Hibernis,
1606 1007 1644 1065 et

436 1099 523 1169 Dux
539 1097 745 1196 Aquitanie,
765 1096 948 1174 Omnibus
964 1098 1009 1173 ad
1034 1123 1126 1197 quos
1144 1113 1323 1196 presentes
1341 1094 1458 1170 littere
1475 1118 1644 1193 pervene-

435 1197 726 1272 rint-Salutem.
779 1198 1001 1298 Inspeximus
1023 1215 1155 1272 cartam
1182 1214 1338 1272 nostram
1364 1193 1644 1272 confirmacionis

436 1323 545 1398 quam
562 1324 676 1397 nuper
687 1299 753 1374 sub
766 1299 885 1400 sigillo
896 1326 972 1400 quo
988 1315 1075 1374 tunc
1085 1299 1275 1375 utebamur
1287 1298 1436 1373 fecimus
1447 1295 1645 1372 Beronibus

437 1399 597 1499 quinque
613 1417 786 1498 portuum
804 1415 1008 1476 nostrorum
1024 1401 1062 1476 in
1079 1401 1144 1474 hec
1160 1400 1276 1475 verbu.

513 1501 714 1575 Edwardus
740 1502 795 1574 dei
815 1507 938 1599 gracia
968 1503 1044 1576 Reor
1077 1502 1200 1600 Anglie
1228 1501 1391 1574 Dominus
1427 1499 1583 1572 Hibernie
1615 1515 1648 1571 et

440 1601 525 1676 Dun
542 1603 732 1701 Aquitanis
752 1603 912 1678 Omnibus
929 1603 978 1678 ad
991 1627 1065 1704 quos
1077 1619 1244 1700 presentes
1262 1604 1370 1676 littere
1382 1605 1646 1698 pervenerint—

439 1703 594 1778 Salutem.
658 1705 865 1800 Inspeximus
892 1706 1019 1779 litteras
1044 1721 1190 1801 patentes
1217 1727 1300 1803 quus
1333 1702 1470 1776 celebris
1498 1704 1647 1774 memorie

439 1803 607 1879 Dominus
640 1805 683 1878 Ε.
715 1807 875 1903 quondam
906 1807 981 1881 Ren
1014 1807 1136 1905 Anglie
1165 1829 1254 1878 avus
1277 1821 1385 1879 noster
1407 1803 1499 1898 fecit
1524 1803 1560 1876 in
1589 1801 1646 1874 hec

437 1905 555 1978 verba.

515 2006 715 2080 Edwardus
744 2007 798 2080 dei
821 2009 939 2105 gracia
970 2008 1052 2082 Rex
1083 2007 1208 2104 Anglie
1234 2006 1399 2080 Dominus
1426 2003 1589 2078 Hibernis
1617 2020 1650 2075 ct

440 2107 525 2178 Dusc
541 2107 938 2204 Aquitanis-Omnibus
962 2109 1012 2181 ad
1032 2131 1109 2208 quos
1121 2125 1285 2205 presentes
1306 2107 1413 2181 littere
1431 2105 1650 2200 pervenerint

438 2207 645 2280 -Salutem
691 2205 939 2284 considerantes
956 2209 1044 2308 quod
1057 2211 1232 2308 navigium
1249 2225 1392 2282 nostrum
1408 2209 1548 2306 quinque
1566 2225 1648 2300 por-

440 2327 533 2382 tuum
551 2332 612 2382 non
628 2308 749 2407 absque
766 2311 895 2408 magnis
913 2311 1092 2406 sumptibus
1109 2328 1142 2384 et
1155 2311 1300 2406 expensis
1310 2309 1434 2404 poterit
1447 2309 1647 2394 sustentari,-

439 2434 479 2482 ne
495 2411 667 2506 nauigium
684 2411 773 2484 illud
785 2409 914 2500 deficiat
927 2411 986 2484 vel
995 2429 1113 2504 percat
1136 2414 1169 2484 in
1185 2411 1354 2508 ficturum,
1372 2410 1573 2483 concessimus
1585 2426 1648 2504 pro

439 2509 532 2584 nobis
558 2527 591 2582 et
616 2511 786 2585 heredibus
815 2513 930 2585 nostris
958 2513 1046 2612 quod
1066 2534 1169 2585 omnes
1186 2512 1238 2584 illi
1261 2512 1301 2585 de
1347 2513 1464 2610 uinque
1485 2508 1648 2604 portubus

437 2611 600 2706 predictis,
619 2629 652 2684 et
671 2613 733 2684 alii
756 2615 942 2710 quicumque
962 2614 1157 2687 advocantes
1177 2636 1212 2686 se
1235 2612 1275 2685 de
1295 2539 1441 2686 libertate
1466 2611 1647 2697 eorundem,

440 2730 473 2786 et
499 2711 575 2784 inde
597 2712 746 2810 gaudere
774 2713 924 2802 volentes,
955 2713 1170 2800 contribuant,
1201 2714 1354 2787 videlicet
1385 2711 1519 2811 quilibet
1539 2735 1648 2784 eorum

430 2815 534 2910 juuta
549 2813 728 2908 facultates
752 2837 829 2888 suas
854 2816 904 2887 ad
914 2813 1069 2909 faciend'
1087 2816 1261 2889 servicium
1286 2830 1427 2888 nostrum
1450 2813 1648 2887 etheredum

440 2930 620 2988 nostromm
638 2916 678 2987 de
694 2915 839 2989 navibus
856 2918 929 2989 suis
948 2940 1021 2989 cum
1046 2942 1069 2989 a
1094 2917 1184 2990 nobis
1202 2917 1262 2990 vel
1273 2913 1443 2989 heredibus
1459 2915 1576 2988 nostris
1593 2912 1651 2985 hoc

441 3016 621 3089 habuerint
645 3017 680 3088 in
702 3016 876 3092 mandatis.
931 3018 975 3091 In
1002 3018 1092 3114 cujus
1119 3021 1171 3090 rei
1198 3017 1410 3090 testimonium
1435 3015 1496 3088 has
1521 3015 1649 3086 litteras

441 3131 564 3188 nostras
588 3115 669 3205 fieri
691 3117 830 3213 fecimus
856 3134 1013 3213 patentes.
1080 3120 1170 3192 Teste
1203 3142 1252 3191 me
1281 3119 1348 3211 ipso
1377 3115 1472 3210 apud
1497 3116 1648 3188 Sanctum

441 3215 608 3290 Albanum
626 3219 778 3292 vicesimo
795 3236 907 3292 octavo
925 3219 977 3292 die
994 3218 1130 3312 Aprilis
1147 3243 1232 3292 anno
1259 3219 1350 3315 regni
1373 3217 1477 3290 nostri
1494 3217 1649 3288 vicesimo

440 3334 538 3390 sento.

521 3417 592 3491 Nos
608 3436 715 3493 autem
733 3421 960 3493 concessionem
973 3421 1156 3516 predictam
1179 3435 1287 3491 ratam
1304 3416 1456 3491 habentes
1473 3434 1506 3489 et
1517 3433 1650 3514 gratam

444 3544 514 3592 eam
534 3537 600 3613 pro
628 3521 718 3593 nohis
747 3536 780 3593 et
805 3519 977 3594 heredibus
1001 3523 1123 3594 nostris
1145 3519 1341 3592 concedimus
1361 3536 1394 3591 ct
1411 3517 1650 3607 confirmamus,

443 3625 526 3694 sicut
542 3621 645 3693 littere
654 3623 803 3715 predicte
816 3620 1056 3696 racionabiliitr
1071 3637 1242 3694 testantur.
1288 3621 1340 3693 Et
1361 3621 1441 3720 quia
1457 3619 1651 3712 supradictis

445 3720 557 3793 verbis
581 3720 794 3818 genernlihus
824 3725 860 3795 in
886 3723 1042 3819 predictis
1067 3723 1184 3795 litteris
1209 3723 1371 3809 contentis,
1390 3721 1547 3793 videlicet
1569 3719 1655 3818 quod

445 3821 581 3920 quilibet
617 3822 823 3895 contribuant
853 3823 957 3918 juxta
984 3823 1161 3918 facultates
1198 3846 1273 3896 suas
1310 3839 1386 3896 ante
1414 3823 1471 3895 hec
1504 3830 1652 3917 tempora

446 3923 659 3995 dissensiones
688 3923 787 3995 varie
825 3939 905 3996 sunt
936 3922 1073 4000 suborte.
1142 3921 1224 4013 Nos,
1252 3940 1290 3997 ut
1319 3923 1467 3996 Berones
1496 3939 1652 4020 portuum

441 4023 661 4120 predictorum
698 4025 881 4097 servicium
911 4024 1101 4117 predictum
1135 4023 1229 4097 nohis
1261 4041 1295 4097 et
1325 4023 1501 4098 heredibus
1536 4025 1654 4097 nestn's

446 4124 641 4198 commodius
674 4125 794 4218 facere
827 4125 965 4198 valeant
991 4125 1194 4219 temporibus
1232 4127 1413 4222 oportunis,
1435 4125 1488 4198 ¹de
1521 4125 1655 4197 consilio

446 4225 650 4298 Prelatorum
680 4226 839 4298 Comitum
867 4243 899 4298 et
925 4225 1095 4300 Beronum
1125 4243 1322 4316 nostrorum,
1348 4251 1388 4299 oc
1416 4227 1655 4298 communitatis

447 4331 540 4423 regni
565 4329 671 4399 nostri
696 4330 730 4399 in
750 4329 896 4424 presenti
914 4329 1134 4424 parliamento
1162 4343 1270 4402 nostro
1296 4343 1553 4416 convocatorum,
1580 4351 1654 4400 con-
