3716 5290
430 531 502 606 294
789 505 970 582 novas
995 505 1276 580 ennarrans

428 713 545 785 ciones
560 728 596 784 et
614 711 905 811 transgressiones
927 708 973 782 de
989 708 1096 783 viridi
1113 723 1150 782 et
1175 708 1365 783 venacione
1383 732 1446 781 seu
1463 706 1637 781 occisione

430 837 617 886 cervorum
642 813 826 885 damarum
852 827 888 884 et
923 811 1070 883 aliarum
1104 807 1259 883 ferarum
1293 809 1330 882 in
1358 807 1498 882 forestis
1524 808 1637 908 parcis

428 914 562 988 chaceis
608 913 749 1004 nostris,
792 928 854 985 aut
897 911 1046 1010 alicujus
1096 911 1371 1010 progenitorum
1418 925 1634 1001 nostrorum,

427 1016 502 1090 sive
526 1013 674 1088 aliarum
699 1038 927 1111 personarum
983 1035 1274 1111 uarumcumque,
1302 1011 1526 1085 vendiciones
1552 1036 1636 1108 pro·

431 1117 666 1189 sternaciones
681 1131 717 1186 et
734 1038 1170 1201 abscisioneslsoscorum,
1188 1109 1280 1184 infra
1305 1110 1451 1187 forestas
1467 1128 1504 1187 et
1527 1129 1636 1204 extra,

430 1234 465 1290 et
498 1217 646 1289 aliarum
680 1240 800 1287 rerum
835 1238 1140 1314 quarumcumque
1170 1211 1328 1287 infrare
1378 1239 1439 1286 um
1474 1229 1637 1286 nostrum

431 1317 564 1418 Anglie
588 1333 671 1391 ante
695 1317 896 1415 predictum
922 1315 1126 1388 vicesimum
1149 1314 1297 1387 tercium
1348 1315 1417 1387 iem
1440 1313 1547 1386 factas
1563 1315 1638 1387 sive

430 1434 658 1518 perpetratas,
675 1417 769 1490 unde
785 1417 929 1514 punicio
945 1415 1083 1490 caderet
1099 1415 1136 1488 in
1157 1414 1347 1489 demandas
1366 1415 1502 1490 debitas
1521 1440 1583 1489 seu
1600 1417 1637 1489 in

432 1520 539 1592 finem
556 1536 592 1592 et
609 1518 903 1615 redemptionem,
921 1533 981 1590 aut
998 1519 1035 1589 in
1058 1516 1140 1589 alias
1156 1541 1262 1614 penas
1278 1517 1503 1615 pecuniarias,
1521 1542 1584 1589 seu
1602 1519 1638 1589 in

432 1618 671 1694 forisfacturas
717 1619 897 1693 bonorum
936 1634 973 1690 et
1014 1616 1221 1691 catellorum
1266 1617 1427 1716 ipsorum
1475 1617 1638 1718 Majoris,

432 1721 572 1810 Ballivi,
598 1739 634 1795 et
660 1717 952 1807 Communitatis,
977 1718 1051 1792 sive
1076 1719 1114 1790 in
1139 1719 1382 1792 onerationem
1408 1743 1638 1817 personarum

432 1847 589 1912 suarum,
618 1839 655 1896 et
680 1846 786 1895 omne
810 1820 848 1894 id
873 1818 973 1919 quod
999 1819 1044 1894 ad
1074 1844 1140 1892 nos
1172 1843 1294 1893 versus
1322 1819 1416 1918 ipsos
1447 1820 1637 1921 Majorem,

433 1923 622 2012 Ballivum,
648 1938 684 1995 et
713 1920 1032 2008 Communitatem,
1060 1919 1213 2018 pertinet
1243 1919 1299 1994 vel
1324 1921 1499 2018 pertinere
1528 1921 1639 2020 possit

432 2049 476 2098 ex
503 2023 615 2096 causis
647 2021 859 2120 supradictis
883 2021 959 2095 sive
992 2046 1113 2094 earum
1149 2021 1266 2120 aliqua
1295 2020 1472 2138 aliquibus
1498 2023 1638 2095 statutis

431 2123 578 2198 actubus
611 2120 895 2198 ordinacionibus
936 2121 974 2193 in
1024 2122 1241 2196 contrarium
1283 2120 1383 2195 factis
1422 2122 1528 2196 editis
1566 2123 1640 2195 sive

433 2224 584 2324 provisis
612 2225 649 2296 in
679 2223 798 2323 aliquo
828 2247 899 2296 non
927 2220 1098 2298 obstante.
1163 2223 1362 2312 Erscrnn,
1393 2224 1638 2322 perdonamus,

433 2326 662 2416 remittimus,
712 2340 748 2397 et
799 2322 1004 2415 relaxamus,
1046 2324 1179 2397 eisdem
1223 2323 1371 2424 Majori,
1412 2325 1562 2412 Ballivo,
1604 2342 1638 2398 et

434 2426 704 2514 Communitati,
738 2450 861 2498 omnes
892 2442 929 2500 et
962 2424 1184 2498 omnimodas
1218 2424 1522 2524 transgressiones,
1556 2450 1640 2498 con-

434 2543 604 2623 temptus,
647 2524 898 2615 forisfacturas,
945 2523 1138 2618 malefacta,
1181 2541 1217 2599 et
1259 2525 1408 2600 offensas
1450 2551 1512 2624 per
1546 2526 1640 2626 ipsos

436 2627 627 2728 Majorem,
660 2625 849 2715 Ballivum,
887 2641 924 2700 et
966 2625 1283 2712 Communitatem,
1317 2644 1399 2700 ante
1440 2627 1639 2724 predictum

434 2728 642 2802 vicesimum
676 2728 823 2802 tercium
861 2727 969 2818 diem,
1006 2725 1117 2802 factas
1148 2727 1222 2800 sive
1256 2745 1482 2826 perpetratas,
1519 2745 1641 2802 contra

434 2829 584 2903 formam
615 2829 690 2902 sive
713 2829 881 2904 effectum
908 2827 1055 2929 alicujus
1080 2829 1217 2916 statuti,
1244 2845 1353 2918 actus,
1378 2829 1452 2903 sive
1479 2829 1641 2904 ordinac-

432 2931 543 3004 cionis
566 2931 654 3002 editi
678 2930 752 3003 sive
777 2929 923 3028 provisi,
946 2929 992 3003 de
1016 2929 1154 3026 ripariis
1178 2928 1379 3028 gurgitibus
1405 2931 1536 3028 stagnis
1562 2930 1641 3028 pilis

432 3031 554 3104 lokkis
582 3030 795 3106 molendinis
819 3031 969 3129 gutteria
993 3031 1131 3103 seweris
1155 3029 1320 3129 hebbyng
1345 3031 1445 3103 weris
1470 3031 1641 3104 utviethis

432 3131 533 3206 factis
557 3131 728 3206 edificatis
752 3131 911 3204 exaltatis
935 3129 1099 3230 elargatis
1127 3131 1305 3221 strictatis,
1325 3130 1383 3206 vel
1407 3131 1559 3205 extensis
1584 3132 1639 3206 vel

435 3258 506 3307 non
529 3233 692 3320 extensis,
709 3234 765 3304 vel
787 3257 860 3304 non
885 3231 1066 3329 depositis,
1084 3231 1265 3330 depositis,
1290 3248 1351 3306 aut
1378 3257 1451 3306 non
1477 3233 1643 3331 prostatis

434 3336 489 3406 vel
507 3333 682 3431 prostatis,
702 3349 763 3406 aut
790 3357 913 3405 versus
938 3332 1034 3430 ipsos
1051 3333 1241 3432 Majorem,
1260 3333 1451 3421 Ballivum,
1469 3352 1505 3407 et
1532 3335 1641 3408 Conr-

435 3433 656 3522 munitatem,
686 3458 831 3534 quoque
861 3433 969 3507 modo
998 3433 1214 3531 presentatis,
1240 3459 1301 3509 seu
1327 3459 1399 3506 non
1424 3435 1640 3533 presentatio,

434 3534 641 3635 adjudicatis
683 3557 800 3607 coram
852 3532 1028 3634 aliquibus
1060 3533 1276 3634 justiciariis,
1319 3535 1640 3625 commissionariis,

434 3635 491 3710 vel
508 3635 680 3708 ministris
699 3635 839 3725 nostris,
865 3659 926 3708 seu
944 3635 1095 3735 alicujus
1115 3637 1387 3735 progenitorum
1410 3652 1639 3724 nostrorum;

433 3756 469 3811 et
503 3737 622 3822 omnia
655 3754 691 3810 et
720 3735 925 3810 omnimoda
957 3737 1225 3810 amerciamenta
1267 3738 1353 3810 lines
1386 3763 1494 3835 penas
1522 3739 1640 3813 debita

431 3855 468 3911 et
484 3838 668 3936 deperdita
686 3863 792 3935 super
808 3853 869 3911 aut
886 3861 1010 3910 versus
1024 3837 1168 3910 eosdem
1193 3836 1383 3938 Majorem,
1401 3839 1588 3929 Ballivum,
1605 3857 1641 3913 et

432 3939 738 4014 Cornmunitatem
764 3963 902 4026 assessa,
921 3937 994 4010 sive
1015 3963 1087 4011 non
1104 3963 1242 4027 assessu,
1258 3939 1458 4039 adjudicata
1475 3939 1549 4013 sive
1567 3967 1638 4013 non

433 4039 640 4140 adjudicata,
675 4065 718 4111 ex
753 4040 863 4112 causis
893 4038 1113 4137 supradictis,
1142 4038 1216 4111 sive
1250 4064 1369 4112 earum
1404 4041 1542 4141 aliqua;
1584 4044 1640 4115 Ac

433 4165 556 4213 omnes
572 4157 608 4212 et
624 4139 848 4214 omnimodas
863 4137 1116 4228 forisfacturas,
1137 4140 1235 4228 lines,
1253 4135 1591 4239 condempnaciones
1607 4160 1643 4215 et

433 4242 659 4316 denariorum
684 4265 841 4314 summas
866 4239 978 4328 nobis,
995 4266 1056 4314 seu
1081 4241 1184 4314 alicui
1208 4241 1476 4340 progenitorum
1503 4260 1642 4317 nostro-

434 4367 523 4426 rum,
544 4342 679 4414 ratione
705 4343 970 4439 premissorum,
993 4367 1055 4414 seu
1080 4366 1206 4415 eorum
1232 4341 1392 4444 alicujus,
1409 4341 1546 4418 debitas
1568 4346 1641 4418 sive
