3738 5304
466 479 536 575 316
824 482 1004 556 DOVER
1031 482 1311 558 CHARTERS

462 679 583 754 catalla
607 680 724 755 exitus
751 698 789 756 et
817 681 974 780 proficua
999 683 1130 757 eisdem
1157 682 1302 784 Majori,
1331 683 1480 775 Balliv0,
1496 701 1533 759 et
1560 686 1673 759 Com·

464 781 630 855 munitati
660 783 787 856 danus
816 801 852 856 et
881 785 1110 859 concedimus
1139 810 1202 884 per
1227 802 1403 882 presentes
1430 787 1466 859 in
1496 811 1672 886 quorum-

464 907 546 955 cum
573 907 627 970 ue,
646 883 721 958 sive
738 883 1007 983 cu'uscumque,
1022 885 1183 959 manibus
1195 911 1258 960 seu
1273 888 1488 983 possessione
1501 888 1670 975 existunt,

463 998 525 1056 aut
541 907 658 1082 dliqua
674 909 820 1082 parcela
836 987 1032 1060 eorundem
1050 987 1180 1076 existit,
1206 1012 1245 1060 ac
1269 987 1366 1060 dono
1392 1004 1514 1062 nostro
1539 988 1671 1087 absque

464 1084 585 1183 aliquo
612 1101 779 1184 compoto
806 1111 869 1160 seu
896 1089 1016 1186 aliquo
1043 1088 1113 1160 alio
1140 1088 1243 1162 nobis
1260 1087 1316 1161 vel
1335 1089 1524 1163 heredibus
1543 1089 1672 1162 nostris

465 1185 548 1258 inde
564 1186 747 1275 reddend',
762 1186 934 1276 solvend’,
950 1213 1013 1262 seu
1034 1187 1183 1263 faciend’
1201 1219 1208 1262 :
1238 1189 1510 1263 Prnoonnnus
1527 1191 1672 1288 insuper

465 1285 682 1360 remittimus
699 1304 735 1361 et
752 1287 946 1362 relaxamus
963 1290 1095 1364 eisdem
1115 1289 1259 1390 Majori,
1278 1289 1425 1380 ballivo,
1444 1309 1480 1364 et
1498 1290 1672 1365 Commu-

466 1386 567 1461 nitati
584 1387 811 1462 omnimodos
828 1406 1054 1488 contemptus
1070 1391 1157 1466 fines
1170 1408 1205 1464 et
1220 1389 1459 1466 forisfacturas
1477 1391 1590 1478 nobis,
1608 1417 1671 1464 seu

464 1487 568 1562 alicui
587 1489 855 1589 progenitorum
883 1507 1098 1579 nostrorum,
1125 1490 1235 1568 factos
1259 1491 1334 1564 sive
1360 1490 1569 1582 forisfactos,
1592 1509 1672 1565 ante

465 1587 603 1662 dictum
622 1591 828 1665 vicesimum
859 1591 1008 1666 tercium
1038 1593 1145 1682 diem,
1176 1618 1243 1690 pro
1272 1593 1397 1666 ordine
1427 1594 1570 1667 militari
1601 1619 1672 1665 non

465 1707 629 1789 suscepto
646 1717 709 1765 seu
726 1691 949 1790 suscipiend‘,
966 1695 1040 1766 sive
1058 1718 1130 1767 non
1146 1695 1345 1768 assumend’
1373 1697 1428 1767 vel
1455 1692 1644 1794 recipiend’
1661 1721 1669 1766 :

466 1791 631 1864 Aceciam
648 1793 768 1865 omnia
784 1809 820 1866 et
840 1794 1046 1868 omnimoda
1058 1811 1154 1867 vasta
1167 1795 1465 1892 prosternaciones
1477 1811 1513 1868 et
1529 1796 1674 1869 derasus

466 1891 671 1982 domorum,
688 1909 769 1966 ante
786 1895 941 1968 eundern
958 1895 1054 1968 diem
1071 1893 1162 1968 facta
1178 1895 1346 1994 permissa
1362 1898 1436 1970 sive
1464 1911 1670 1994 perpetrata,

468 2009 588 2067 contra
626 1991 778 2066 formam
817 1996 940 2068 statuti
978 1996 1115 2070 domini
1154 1996 1209 2071 H.
1252 2021 1366 2094 nuper
1401 1997 1508 2098 Regis
1541 1995 1675 2096 Anglie

467 2093 621 2190 septimi,
642 2093 750 2192 patris
767 2096 891 2185 nostri,
907 2121 1000 2170 anno
1017 2097 1116 2196 regni
1134 2098 1189 2171 sui
1207 2115 1335 2197 quarto
1357 2099 1441 2172 inde
1466 2100 1620 2197 proviso,
1637 2114 1675 2170 et

467 2219 611 2269 omnem
629 2192 889 2269 forisfacturam
907 2196 1020 2288 nobis,
1038 2223 1101 2272 seu
1127 2197 1230 2272 alicui
1248 2199 1519 2298 progenitorum
1537 2215 1677 2272 nostro-

468 2319 562 2384 rum,
591 2319 631 2368 ea
660 2297 838 2370 occasione
865 2298 1100 2394 pertinentem
1126 2325 1189 2372 seu
1215 2316 1456 2398 spectantem:
1488 2302 1674 2374 Acerram

469 2396 716 2494 perdonamus,
750 2397 977 2487 remittimus,
1018 2415 1054 2473 et
1095 2399 1290 2474 relaxamus
1330 2399 1554 2474 omnimodas
1590 2401 1677 2473 fines

469 2513 505 2570 et
539 2498 807 2571 amerciamenta
842 2499 1091 2587 comitatuum,
1126 2501 1324 2590 civitatum,
1359 2500 1568 2601 burgorum,
1602 2502 1678 2574 sive

469 2597 634 2673 villarum
677 2615 739 2671 aut
780 2599 981 2674 villatarum
1022 2627 1123 2674 causa
1159 2597 1318 2702 alicujus,
1357 2616 1437 2675 ante
1475 2602 1677 2700 predictum

471 2699 678 2772 vicesimum
695 2699 846 2774 tercium
863 2701 960 2774 diem
984 2701 1129 2802 Aprilis,
1156 2702 1267 2791 nobis,
1293 2727 1356 2776 seu
1382 2702 1485 2776 alicui
1511 2702 1680 2802 progeni-

469 2816 592 2874 torum
626 2815 841 2890 nostrorum,
870 2801 1008 2876 debitas
1036 2802 1110 2876 sive
1140 2801 1364 2900 deperditas:
1402 2803 1677 2880 Penoounnus

469 2901 579 2974 eciam
597 2915 633 2974 et
650 2900 845 2976 relaxamus
861 2903 995 2978 eisdem
1015 2903 1159 3019 Maiori,
1181 2903 1329 2992 Ballivo,
1353 2921 1389 2978 et
1417 2904 1679 2979 Communitati

470 3027 594 3076 omnes
632 3019 668 3076 et
694 3003 915 3077 omnimodas
940 3004 1178 3079 edificatrones
1206 3005 1396 3092 Turrium,
1428 3022 1464 3078 et
1494 3005 1681 3082 imbatilla-

471 3104 622 3193 cionem,
656 3103 925 3179 mascalcionum
960 3107 1164 3193 domorum,
1200 3131 1399 3195 murorum,
1434 3123 1496 3180 aut
1530 3105 1680 3207 alicujus

470 3203 614 3278 alterius
642 3203 885 3294 edificationis,
915 3208 973 3280 vel
1000 3231 1313 3306 quorumcumque
1339 3205 1560 3281 edificiorum
1586 3208 1681 3305 ipso-

472 3329 554 3377 rum
573 3303 734 3405 Majoris,
752 3305 889 3394 Ballivi,
907 3323 943 3380 et
965 3308 1251 3396 Communitatis,
1275 3332 1337 3382 seu
1364 3305 1512 3408 alicujus
1537 3308 1681 3381 alterius

470 3405 516 3478 ad
546 3429 671 3478 eorum
702 3429 819 3495 usum,
849 3407 981 3506 absque
1010 3408 1152 3482 licencia
1185 3408 1291 3509 regia,
1329 3423 1410 3481 ante
1440 3433 1479 3480 ea
1508 3425 1681 3507 tempora,

472 3503 589 3593 factas,
608 3521 832 3602 perpetratas,
846 3525 907 3581 aut
920 3525 1093 3607 reparatas
1104 3535 1167 3608 per
1179 3509 1273 3606 ipsos
1287 3508 1476 3609 Majorem,
1490 3509 1680 3596 Ballivum,

473 3623 510 3678 et
544 3604 849 3680 communitatem
880 3625 942 3682 aut
971 3609 1073 3682 aliam
1100 3635 1284 3706 personam
1308 3633 1598 3709 quamcumque:
1624 3612 1682 3682 Ac

473 3731 579 3778 omne
609 3706 646 3780 id
676 3709 775 3806 quod
806 3709 849 3783 ad
880 3735 944 3782 nos
979 3709 1133 3808 pertinet
1172 3711 1228 3786 vel
1263 3711 1440 3808 pertinere
1478 3711 1584 3784 debet
1619 3729 1682 3785 aut

473 3806 618 3881 deberet
653 3808 787 3881 ratione
821 3810 1072 3908 premissorum
1105 3827 1167 3885 aut
1201 3836 1326 3885 eorum
1360 3810 1510 3912 alicujus
1549 3812 1681 3886 eisdem

476 3906 622 4008 Majori,
651 3907 797 3998 ballivo,
825 3926 861 3983 et
889 3908 1148 3986 Communitati
1171 3913 1297 3986 damus
1323 3927 1359 3984 et
1376 3914 1603 3988 concedimus
1620 3938 1684 4010 per

475 4024 678 4108 presentes:
707 4007 766 4084 Er
786 4035 977 4085 uersuros
995 4011 1041 4086 de
1058 4013 1211 4087 uberiori
1230 4029 1266 4086 et
1279 4011 1554 4087 habundantiori
1567 4014 1683 4112 gracia

474 4127 511 4184 et
529 4134 628 4184 mero
646 4127 748 4184 motu
767 4111 896 4186 nostris
919 4115 1167 4212 perdonamus,
1189 4113 1417 4200 remittimus,
1436 4130 1472 4186 et
1488 4115 1684 4187 relaxamus

475 4237 538 4310 per
580 4229 758 4310 presentes
797 4212 940 4312 prefatis
984 4215 1128 4304 Ma'ori,
1169 4211 1316 4304 Ballito,
1347 4232 1383 4287 et
1424 4213 1682 4290 Communitati

474 4336 597 4385 omnes
615 4329 650 4385 et
668 4313 823 4414 singulas
840 4331 1018 4415 rupturas,
1032 4239 1212 4406 dracturas,
1230 4333 1267 4388 et
1284 4315 1507 4408 violationes,
1520 4317 1684 4391 omnium
