3756 5270
442 487 513 582 296
753 467 760 478 ’
801 484 983 560 novun
1010 463 1290 561 enarrans

441 678 664 762 spectantes:
709 662 759 737 Et
799 663 937 736 easdem
1004 660 1255 754 forisfacturas,
1316 663 1415 751 fines,
1460 662 1651 760 condemp-

443 764 605 837 naciones
637 779 673 838 et
706 764 935 838 denariorum
968 789 1125 838 summas
1159 763 1292 837 eisdem
1327 761 1472 863 Majori,
1502 761 1651 852 Ballivo,

441 880 477 938 et
495 864 754 939 Communitati
772 889 835 963 per
857 881 1036 963 presentes
1052 866 1178 940 damus
1193 881 1230 938 et
1247 865 1486 956 concedimus,
1506 861 1653 936 habend'

443 966 577 1040 eisdem
612 965 759 1067 Majori,
789 965 938 1055 Ballivo,
968 983 1005 1039 et
1036 965 1295 1040 Communitati
1329 966 1373 1040 de
1399 965 1497 1040 dono
1530 979 1654 1038 nostro

444 1067 575 1166 absque
615 1082 784 1166 compoto
824 1093 886 1140 seu
925 1066 1046 1168 aliquo
1093 1067 1165 1140 alio
1211 1066 1295 1141 inde
1337 1066 1440 1140 uobis
1482 1064 1653 1140 reddend’

444 1168 604 1242 solvend’
634 1166 692 1244 vel
721 1167 869 1246 faciend.
923 1167 983 1241 Er
1025 1169 1231 1241 errarrax
1260 1168 1511 1268 perdonamus,
1533 1167 1654 1240 remit-

444 1270 568 1358 timus,
585 1284 621 1342 et
639 1269 833 1343 relaxamus
850 1270 983 1344 eisdem
1008 1269 1154 1370 Majori,
1174 1269 1322 1360 Ballivo‚
1341 1285 1378 1343 et
1393 1267 1654 1342 Communitati

445 1371 645 1444 soluciones
688 1387 724 1444 et
766 1370 993 1446 liberaciones
1025 1395 1332 1471 quarumcumque
1410 1371 1542 1444 ciarum
1580 1369 1655 1442 auri

446 1472 563 1545 cunati
584 1469 675 1544 infra
697 1495 850 1571 regnum
874 1489 1034 1546 nostrum
1063 1471 1208 1572 Anglie,
1233 1497 1295 1544 seu
1321 1397 1415 1564 alili,
1439 1497 1479 1544 ac
1499 1495 1656 1572 quorum

447 1599 598 1674 cumque
616 1597 782 1646 vasorum
800 1573 895 1671 plati,
916 1573 1116 1648 bullionum
1134 1573 1410 1662 inassaiatarum,
1427 1590 1463 1646 et
1483 1573 1655 1674 jocalium

447 1675 521 1748 auri
541 1675 595 1748 vel
620 1674 770 1774 argenti,
788 1692 1012 1774 operatorum
1039 1673 1094 1747 vel
1121 1699 1192 1747 non
1218 1691 1457 1772 operatorum,
1475 1699 1537 1772 per
1562 1673 1658 1771 ipsos

450 1773 639 1875 Majorem,
674 1774 863 1866 Ballivum,
896 1792 933 1849 et
965 1775 1283 1865 Communitatem,
1313 1791 1373 1849 aut
1407 1800 1469 1874 per
1502 1774 1656 1874 aliquam

448 1876 551 1949 aliam
569 1900 753 1972 personam
770 1902 837 1973 pro
853 1877 984 1952 eisdem
1004 1878 1156 1979 Majore,
1168 1875 1316 1968 Ballivo,
1329 1892 1365 1950 et
1378 1875 1657 1963 Communitate,

449 1993 509 2050 aut
528 1976 733 2050 nominibus
758 1977 843 2066 suis,
860 2004 923 2076 per
947 1979 1100 2078 aliquem
1126 1995 1343 2067 testatorem,
1360 2003 1422 2051 seu
1448 2003 1513 2076 pro
1537 1977 1659 2077 aliquo

449 2092 614 2150 testatore
638 2077 834 2152 eorundem
862 2078 1026 2179 Majoris,
1053 2079 1190 2168 Ballivi,
1216 2096 1252 2153 et
1278 2079 1566 2166 Communitatis,
1583 2079 1658 2152 sive

449 2202 512 2277 per
544 2177 698 2278 aliquem
731 2179 852 2268 alium,
885 2205 948 2253 seu
973 2205 1039 2278 pro
1064 2181 1184 2280 aliquo
1217 2180 1287 2254 alio
1320 2180 1530 2254 obintestate
1556 2180 1658 2253 dece-

449 2280 567 2370 dente,
594 2277 694 2377 cujus
721 2279 1023 2354 administratores
1049 2281 1225 2356 bonorum
1251 2297 1287 2354 et
1316 2283 1522 2354 catallorum
1550 2279 1657 2355 iidem

451 2379 584 2480 Major,
612 2380 782 2468 Ballivus,
808 2396 844 2455 et
869 2380 1115 2457 Communitas
1143 2383 1305 2474 existant,
1330 2383 1434 2457 alicui
1462 2383 1660 2468 mercatori,

451 2499 512 2555 aut
538 2480 602 2554 alie
619 2505 778 2579 persone,
807 2481 862 2556 vel
887 2482 1064 2584 aliquibus
1089 2486 1246 2583 personis
1270 2484 1442 2558 extraneis
1468 2483 1570 2574 natis,
1595 2508 1657 2554 seu

452 2582 542 2657 natis
567 2598 666 2657 extra
690 2607 841 2683 regnum
867 2608 929 2658 seu
963 2584 1201 2660 obedienciam
1228 2601 1395 2676 nostram,
1423 2582 1478 2656 vel
1511 2582 1660 2683 alicujus

450 2684 719 2784 progenitorum
752 2700 966 2774 nostrorum,
1011 2712 1078 2786 pro
1118 2685 1295 2786 aliquibus
1336 2684 1561 2759 mercandisis
1601 2682 1660 2758 vel

452 2785 690 2859 mercimoniis
723 2811 786 2883 per
816 2786 909 2859 viam
938 2786 1111 2866 escambii
1145 2803 1207 2862 aut
1240 2786 1350 2876 aliter,
1379 2812 1442 2860 seu
1468 2785 1538 2858 alio
1566 2810 1660 2884 quo-

451 2911 605 2986 cumque
631 2886 740 2960 modo
756 2903 838 2962 ante
860 2887 1060 2986 predictum
1076 2888 1172 2962 diem
1192 2887 1324 2962 solutas
1349 2887 1422 2962 sive
1439 2886 1658 2973 deliberatus,

452 3004 576 3062 contra
596 2985 748 3062 formam
774 2989 959 3089 cujusdam
984 3005 1084 3063 actus
1109 2991 1145 3063 in
1172 2988 1402 3088 parliamento
1426 2989 1520 3087 apud
1539 2987 1661 3060 West-

452 3089 706 3162 monasterium
743 3114 837 3164 anno
878 3091 977 3190 regni
1012 3090 1242 3190 precarissimi
1285 3090 1393 3188 patris
1435 3090 1546 3164 nostri
1590 3087 1658 3162 .H.

451 3189 597 3288 Septimi
631 3205 761 3290 quarto
789 3189 889 3279 editi,
919 3207 979 3265 aut
1007 3207 1127 3266 contra
1152 3189 1304 3266 formam
1337 3191 1484 3292 alicujus
1516 3189 1660 3264 alterius

449 3290 573 3363 statuti
607 3306 708 3364 actus
736 3290 810 3365 sive
839 3290 1075 3365 ordinacionis
1104 3293 1185 3370 inde
1214 3309 1296 3366 ante
1333 3293 1533 3390 predictum
1567 3291 1661 3363 vice-

451 3391 582 3463 simum
612 3390 760 3465 tercium
790 3391 886 3465 diem
914 3393 1000 3466 editi
1029 3395 1103 3466 sive
1133 3394 1288 3494 provisi:
1329 3419 1368 3466 ac
1401 3417 1523 3467 omnes
1554 3389 1661 3464 foris-

452 3490 605 3564 facturas
621 3508 656 3564 et
673 3491 902 3590 pecuniarum
919 3518 1075 3568 summas
1095 3495 1206 3589 nobis,
1225 3496 1282 3569 vel
1301 3494 1403 3569 alicui
1422 3493 1660 3594 progenitori-

452 3593 520 3666 bus
537 3593 677 3682 nostris,
702 3617 743 3666 ea
764 3593 943 3668 occasione
969 3595 1183 3692 pertinentes
1203 3595 1338 3670 debitas
1356 3597 1429 3670 sive
1453 3611 1657 3693 spectantes.

451 3697 639 3768 Aesernia
675 3693 923 3792 perdonamus,
965 3696 1180 3771 remittimus
1219 3715 1256 3772 et
1297 3697 1492 3772 relaxamus
1533 3695 1658 3769 iisdem

453 3794 599 3896 Majori,
633 3795 781 3885 Ballivo,
815 3813 851 3870 et
885 3796 1141 3872 Communitati
1174 3798 1395 3872 omnimodas
1419 3797 1659 3886 alieaaciones,

451 3896 673 3988 donaciones,
708 3913 744 3970 et
767 3898 1041 3998 perquisiciones
1074 3901 1119 3974 ad
1157 3923 1302 3974 manum
1340 3915 1517 3972 mortuam
1551 3896 1660 3972 factas

452 4013 609 4096 receptas
642 3998 716 4071 sive
743 3998 889 4088 habitas,
907 3999 981 4074 sive
1009 4001 1054 4074 ad
1080 4002 1236 4102 aliquem
1264 4023 1403 4091 eorum,
1429 4001 1485 4072 vel
1510 3999 1660 4100 alicujus

452 4099 737 4196 predecessorum
760 4124 906 4174 suorum
923 4116 958 4174 et
985 4127 1225 4176 successorum
1248 4125 1404 4194 suorum,
1424 4125 1529 4174 usum
1552 4099 1661 4174 factas

451 4217 487 4272 et
529 4199 666 4274 habitas
714 4201 845 4300 absque
895 4201 1039 4276 licencia
1089 4203 1209 4302 regia3
1250 4227 1386 4276 necnon
1437 4202 1659 4276 omnimodas

451 4301 662 4375 intrusiones
703 4317 739 4374 et
782 4303 959 4403 ingressus
1001 4303 1037 4376 in
1088 4304 1292 4403 temporalia
1324 4302 1659 4402 Archiepiscopatus
