3726 5256
444 468 490 540 68
804 465 980 540 DOVER
1007 464 1283 540 CHARTERS

434 685 581 743 retorno
597 667 771 767 predicto,
789 683 938 766 excepto
956 666 1099 769 Majore
1115 683 1152 741 et
1173 665 1310 742 Ballivo
1335 667 1381 742 de
1407 665 1652 753 ffsvereshsm,

441 771 580 845 suntin
597 769 850 859 misericordia,
872 785 941 843 etc.

522 966 734 1065 Preceptum
751 962 821 1037 fuit
836 980 872 1037 et
883 963 1088 1036 mandatum
1105 962 1237 1064 Majori
1249 979 1285 1036 et
1299 962 1436 1035 Ballivo
1448 961 1493 1036 de
1506 960 1655 1035 ffavere-

443 1067 542 1140 sliam
559 1066 650 1140 sicut
666 1067 759 1154 alias,
777 1080 857 1155 etc,
875 1064 974 1163 quod
991 1063 1159 1138 haberent
1176 1063 1234 1136 hic
1251 1088 1368 1136 coram
1385 1062 1483 1137 dicto
1500 1062 1656 1137 Custode

444 1169 633 1242 recordum
671 1183 708 1240 et
742 1188 944 1264 processum
973 1165 1155 1266 cujusdam
1184 1163 1287 1238 assise
1317 1165 1353 1237 in
1384 1164 1467 1238 villa
1498 1164 1656 1262 predicta

447 1292 564 1343 coram
591 1268 653 1341 ciis
679 1267 773 1340 inter
801 1266 1003 1340 Henricum
1030 1265 1217 1366 Wymond
1239 1280 1275 1339 et
1292 1263 1516 1339 Willelmum
1532 1264 1657 1363 Tyde-

445 1368 546 1443 lomb
566 1392 678 1465 nuper
703 1383 814 1467 capte.
866 1366 977 1440 Unde
1002 1365 1168 1440 dominus
1193 1366 1326 1440 Custos
1350 1364 1454 1440 certis
1478 1367 1524 1440 de
1547 1365 1657 1438 causis

446 1469 525 1544 vult
551 1469 729 1544 certiorari
757 1484 794 1541 et
819 1465 1014 1544 informari.
1066 1467 1141 1565 Qui
1168 1467 1216 1540 sic
1245 1481 1485 1556 retornarunt,
1512 1466 1656 1566 quoad

448 1571 568 1644 venire
595 1569 699 1644 facias
726 1592 846 1642 coram
873 1568 974 1641 nobis
994 1568 1183 1642 recordum
1201 1583 1237 1640 et
1254 1591 1457 1667 processum
1474 1565 1657 1642 cu'usdsm

447 1672 550 1745 assise
567 1669 714 1746 inferius
738 1685 916 1759 contente,
935 1669 1057 1785 Major
1083 1686 1169 1743 tunc
1194 1669 1365 1769 temporis
1389 1693 1465 1769 quo
1480 1592 1540 1742 illa
1556 1668 1658 1742 assisa

449 1789 549 1872 capta
575 1769 657 1861 fuit,
685 1787 850 1845 mortuus
875 1785 940 1859 est,
968 1770 1132 1844 videlicet
1155 1769 1273 1844 Adam
1291 1771 1336 1844 de
1353 1769 1477 1860 Brede,
1494 1784 1530 1843 et
1547 1768 1657 1842 rotuli

449 1875 493 1950 de
523 1873 627 1948 dictis
657 1895 821 1971 processu
851 1885 886 1944 et
916 1871 1065 1944 recordo
1093 1886 1277 1946 remanent
1314 1896 1420 1970 penes
1456 1887 1659 1944 executores

448 1974 559 2074 ipsius
584 1973 667 2046 Ade
692 1973 755 2072 qui
783 1997 855 2044 non
882 1987 966 2044 sunt
991 1970 1036 2044 de
1064 1971 1226 2046 libertate
1254 1971 1336 2044 ville
1365 1969 1512 2044 inferius
1543 1972 1660 2045 nomi-

451 2091 539 2150 nate
593 2071 644 2146 Et
671 2073 752 2147 ideo
779 2072 897 2172 quoad
924 2095 1066 2170 presens
1092 2098 1166 2146 non
1193 2073 1352 2146 valemus
1379 2073 1424 2146 de
1454 2072 1660 2174 hujusmodi

449 2175 599 2250 recordo
615 2190 651 2248 et
669 2197 832 2274 processu
849 2172 951 2246 vobis
967 2171 1167 2248 certificare.
1220 2173 1270 2247 Et
1293 2173 1376 2273 quia
1391 2173 1535 2248 videtur
1552 2173 1660 2247 Curic

451 2275 550 2376 quod
578 2276 697 2349 omnia
713 2275 860 2348 recorda
879 2288 915 2347 et
936 2299 1117 2373 processus
1134 2274 1295 2348 omnium
1313 2273 1524 2375 placitorum
1541 2289 1661 2349 tento-

451 2401 532 2450 rum
558 2372 651 2448 infra
677 2374 877 2448 libertatem
904 2390 1030 2474 portus
1056 2374 1110 2448 sui
1131 2375 1281 2492 predicti
1298 2399 1477 2449 remanere
1493 2375 1660 2451 deberent

765 2475 802 2548 in
830 2475 989 2549 custodia
1016 2475 1168 2577 Majorrs
1193 2477 1255 2576 qui
1284 2500 1350 2575 pro
1376 2491 1535 2576 tempore
1552 2474 1661 2551 fuerit

457 2578 711 2652 Misericordia.
765 2575 866 2677 cujus
899 2577 1115 2650 contrarium
1149 2601 1215 2676 pro
1247 2601 1372 2651 eorum
1404 2593 1551 2652 retorno
1579 2603 1661 2677 sup·

765 2677 921 2776 ponitur.
975 2677 1062 2750 Ideo
1087 2678 1152 2777 ipsi
1183 2678 1305 2779 Major
1333 2693 1370 2751 et
1399 2677 1554 2752 Ballivus
1579 2679 1663 2780 quia

454 2780 660 2854 mandatum
687 2803 792 2852 suum
820 2802 891 2850 non
917 2794 1001 2852 sunt
1017 2779 1153 2852 executi
1172 2779 1209 2852 in
1227 2777 1476 2870 misericordia,
1493 2795 1558 2856 etc.
1611 2779 1662 2853 Et

454 2897 663 2981 preceptum
678 2878 874 2954 est-sicut
891 2877 1023 2979 pluries
1040 2896 1162 2956 contra
1178 2879 1375 2981 proximam
1397 2880 1628 2980 Shipweyam.

529 3076 723 3177 inquisicio
744 3091 855 3176 cepta,
882 3092 963 3168 eto,
984 3102 1047 3176 per
1072 3079 1272 3173 Johannem
1301 3078 1428 3167 Reade,
1459 3077 1664 3176 Philippum

455 3177 588 3251 Alarde
599 3178 643 3251 de
655 3176 861 3277 Hastinges,
871 3177 1528 3278 RobertumLoundeneys,Johannem
1541 3179 1662 3279 Diges‚

454 3279 684 3377 Sampsonem
709 3279 858 3377 Sneppe‚
889 3276 1086 3351 Robertum
1111 3280 1155 3352 de
1176 3281 1358 3377 Wylrharn
1377 3278 1420 3351 de
1439 3279 1665 3378 Wynchelse,

453 3395 489 3453 et
504 3379 553 3452 sic
570 3378 615 3453 de
628 3378 702 3452 aliis
715 3377 901 3475 portubus,
915 3395 997 3466 etc,
1011 3403 1118 3476 super
1130 3377 1278 3451 diversis
1291 3379 1456 3467 artinrlis,
1470 3395 1537 3454 etc.
1590 3381 1664 3478 Qui

455 3480 582 3554 dicunt
596 3503 701 3576 super
717 3495 975 3552 sacramentum
993 3503 1099 3552 suum
1121 3478 1219 3577 quod
1235 3496 1410 3578 quantum
1428 3480 1475 3554 ad
1491 3479 1512 3521 ⁴*
1524 3480 1666 3555 thesau-

457 3606 537 3656 rum
554 3580 741 3652 inventum
760 3579 897 3652 nullum
915 3580 1057 3668 sciunt;
1083 3595 1257 3679 quantum
1273 3581 1318 3654 ad
1341 3578 1468 3654 falsum
1493 3582 1665 3656 indictum

458 3681 597 3755 nullum
614 3697 692 3768 est3
718 3696 895 3780 quantum
918 3681 962 3754 ad
980 3681 1223 3777 proditionem
1249 3679 1376 3754 factam
1402 3697 1524 3756 contra
1550 3683 1668 3759 domi-

459 3806 546 3855 num
564 3805 684 3880 regem
701 3779 841 3854 nullum
858 3781 998 3870 sciunt;
1025 3797 1199 3881 quantum
1222 3782 1265 3855 ad
1293 3779 1415 3855 falsam
1434 3799 1613 3857 monetam
1630 3801 1667 3858 et

742 3878 921 3956 falsatores
946 3881 1104 3956 e'usdem
1130 3881 1237 3954 nichil
1262 3882 1402 3971 sciunt;
1429 3900 1605 3984 quantum
1622 3887 1667 3961 sd

456 3985 633 4082 inquisitio
652 4007 690 4056 ex
740 3981 930 4055 servicium
948 3907 1086 4057 domini
1105 3982 1211 4082 Regis
1228 3983 1448 4058 subtractum
1463 3984 1602 4060 nullum
1615 4003 1667 4060 est

457 4112 473 4157 o
510 4086 569 4157 cio.
740 4082 985 4171 subtractum3
1022 4083 1072 4157 Et
1099 4100 1272 4184 quantum
1301 4085 1346 4158 ad
1380 4085 1466 4159 alios
1500 4087 1667 4162 articulos

742 4183 867 4258 dicunt
894 4184 992 4284 quod
1020 4209 1092 4259 non
1122 4200 1291 4260 tenentur
1308 4211 1370 4260 nec
1387 4185 1502 4261 solent
1525 4190 1571 4263 ad
1588 4188 1669 4262 illos

456 4285 667 4384 respondere
683 4284 727 4358 ad
746 4285 891 4360 Curiam
915 4285 1029 4360 istam.

884 4398 950 4458 *In
965 4400 1016 4459 tlre
1032 4399 1131 4472 MSS„
1147 4397 1245 4462 thres’.
