3756 5270
438 485 458 538 2
464 487 512 564 ςο
804 463 988 541 DOVER
1015 462 1297 540 CHARTERS

930 663 1149 746 LXXX.
1214 747 1216 750 ,

814 864 838 912 v
860 843 999 924 Marcii,
1023 855 1062 908 12
1084 842 1184 910 Edw.
1210 843 1269 910 tv.

436 1004 527 1077 Hsc
554 1003 743 1077 indentura
768 1000 860 1076 facta
885 1002 1015 1100 quinto
1038 1001 1097 1075 die
1123 1003 1253 1075 mensis
1274 1001 1403 1077 Marcii
1430 1027 1524 1076 anno
1549 1004 1649 1102 regni

437 1105 544 1205 Regis
586 1103 754 1178 Edwardi
799 1103 916 1202 quarti
967 1104 1190 1192 duodecimo,
1233 1119 1393 1193 testatur,
1435 1105 1534 1203 quod
1586 1129 1650 1176 nos

435 1207 613 1301 Johannes
639 1204 808 1291 Barbour,
843 1203 1000 1292 clericus,
1035 1205 1201 1304 magister
1226 1205 1356 1278 domus
1380 1204 1437 1278 dei
1471 1204 1649 1295 Dovorre,

435 1322 472 1380 et
506 1306 663 1407 ejusdem
697 1306 765 1379 loci
804 1303 1008 1395 confratres,
1045 1306 1201 1379 unanimi
1235 1329 1374 1379 assensu
1416 1305 1650 1379 concessimus

435 1407 634 1481 dimisimus
658 1424 694 1480 et
728 1406 771 1479 ad
798 1406 949 1480 ffirmam
975 1407 1150 1480 tradimus
1176 1404 1333 1480 Roberto
1367 1405 1487 1495 Salter,
1514 1408 1648 1496 mellar,

436 1508 482 1582 de
504 1508 667 1606 parochia
690 1509 734 1581 de
762 1507 911 1606 Ryvere,
937 1507 1010 1580 duo
1034 1507 1236 1580 molendina
1255 1507 1425 1606 aquatica,
1443 1532 1513 1606 que
1539 1508 1649 1580 modo

436 1611 655 1707 appellantur
687 1608 919 1696 Cornemelle,
951 1609 1046 1682 unde
1071 1634 1183 1681 unum
1210 1610 1255 1683 de
1287 1607 1371 1706 [eis]
1425 1632 1470 1681 ue
1502 1625 1650 1682 vocatur

438 1708 830 1808 [Rakestravys]melle,
861 1727 896 1783 et
930 1707 1027 1783 aliud
1061 1725 1209 1782 vocatur
1241 1633 1472 1797 Asnemdte,
1505 1708 1647 1782 divisim

435 1811 620 1885 existentia
645 1809 806 1885 edificata
831 1811 867 1883 in
894 1809 1057 1908 parochia
1082 1809 1126 1883 de
1155 1812 1295 1905 Ryverc
1321 1809 1488 1907 predicta,
1515 1834 1581 1908 pro
1607 1827 1646 1883 ut

436 1913 538 1984 metis
563 1928 599 1985 ct
629 1911 759 1985 bundis
784 1910 921 2008 plenius
954 1926 1125 2009 apparet:
1163 1909 1310 1984 habend'
1336 1927 1372 1982 et
1398 1911 1540 1983 tenend'
1567 1936 1647 2008 pre-

434 2011 528 2085 dicta
544 2012 618 2086 duo
634 2011 837 2084 molendina
848 2037 930 2085 curn
946 2027 1073 2111 stagno
1088 2027 1124 2085 et
1141 2012 1240 2110 aquis
1257 2036 1338 2083 cum
1355 2012 1467 2085 variis
1483 2011 1648 2110 vi[variis

434 2127 470 2184 ct
488 2113 605 2211 pratis,
625 2113 678 2210 et]
698 2112 854 2212 predicta
878 2112 952 2185 duo
977 2111 1178 2185 molendina
1203 2112 1353 2184 limitata
1374 2128 1411 2185 et
1433 2112 1478 2185 de
1498 2113 1646 2212 antiquo

435 2230 559 2286 usuata
594 2213 829 2312 [iusucapta],
865 2210 1002 2312 prefato
1042 2211 1201 2286 Roberto
1235 2213 1346 2286 Salter
1383 2212 1570 2286 heredibus
1611 2230 1646 2286 et

433 2313 616 2412 assignatis
640 2315 749 2387 suisa
770 2313 877 2387 Festo
893 2313 1008 2386 Sancti
1034 2313 1220 2386 Michaelis
1242 2313 1456 2412 Archangeli
1482 2315 1647 2411 proximo

434 2413 558 2488 futuro
591 2431 670 2512 post
703 2415 829 2489 datum
871 2415 1088 2514 presencium
1123 2439 1234 2513 usque
1276 2414 1320 2488 ad
1363 2415 1469 2486 finem
1503 2416 1645 2489 termini

434 2515 666 2615 quadraginta
698 2540 872 2590 annorum
914 2531 1043 2588 extunc
1077 2516 1321 2613 proximorum
1363 2513 1567 2590 futurorum
1609 2532 1645 2589 et

434 2616 586 2715 plenarie
612 2617 882 2715 completorum,
917 2615 1140 2690 libertatibus
1167 2633 1260 2688 carte
1295 2632 1413 2688 nostre
1446 2616 1541 2717 regie
1575 2642 1644 2690 una

434 2743 514 2791 curn
548 2717 741 2816 piscacione
784 2718 819 2789 in
862 2717 962 2815 aquis
996 2715 1254 2813 pertinentibus
1296 2716 1462 2814 predictis
1502 2717 1643 2791 duobus

434 2818 647 2892 molendinis
662 2843 800 2918 semper
818 2843 898 2891 cum
917 2819 1018 2891 nobis
1036 2817 1225 2916 [plenarie]
1245 2817 1428 2890 reservatis
1447 2846 1454 2890 :
1474 2817 1644 2900 reddend'

432 2920 515 2993 inde
544 2919 724 2993 annuatim
753 2919 853 2993 nobis
883 2917 1027 3017 prefatis
1053 2917 1222 3018 magistro
1258 2918 1310 3015 [et
1341 2916 1577 2993 confratribus
1606 2937 1641 2994 et

433 3021 704 3118 successoribus]
741 3020 870 3093 nostris
912 3045 977 3119 pro
1018 3018 1081 3092 illo
1123 3017 1329 3092 molendino
1362 3018 1458 3118 quod
1493 3037 1641 3093 vocatur

435 3121 773 3219 Rakestravysmelle
807 3145 855 3194 xs.
892 3136 1033 3193 monete
1061 3120 1269 3218 Anglicane,
1303 3120 1344 3194 ad
1372 3135 1525 3218 quatuor
1558 3121 1640 3193 anni

433 3221 602 3295 terminos
627 3221 835 3321 principales
859 3221 962 3320 equis
997 3220 1222 3320 porcionibus
1250 3220 1288 3291 in
1322 3220 1483 3318 hospitali
1519 3238 1642 3295 nostro

431 3322 591 3396 solvend'
616 3322 765 3396 durante
791 3323 945 3395 termino
968 3320 1185 3420 supradicto,
1211 3321 1354 3420 proviso
1383 3345 1519 3419 semper
1542 3323 1640 3422 quod

431 3423 609 3520 predictus
653 3423 828 3497 Robertus
868 3423 979 3497 Salter
1021 3448 1093 3495 non
1136 3422 1362 3513 intromittet,
1398 3447 1462 3496 nec
1495 3423 1641 3496 heredes

432 3549 546 3623 neque
572 3524 736 3623 assignati
770 3525 823 3596 sui
857 3523 1105 3610 intromittent,
1137 3522 1182 3596 de
1211 3523 1275 3596 illo
1295 3522 1510 3596 ‘molendino
1543 3525 1640 3623 quod

432 3640 579 3699 vocatur
621 3623 860 3698 Asschemelle
909 3624 1022 3698 donec
1063 3623 1249 3698 indentura
1297 3623 1468 3718 Johannis
1500 3626 1533 3696 le
1574 3626 1640 3722 By,

458 3727 612 3800 uondam
641 3725 686 3799 de
719 3723 863 3816 Evvelle,
898 3726 943 3799 de
976 3726 1039 3798 illo
1072 3725 1279 3799 molendino
1305 3725 1458 3816 finiatur,
1485 3740 1521 3798 et
1558 3725 1636 3824 [ad]

431 3751 556 3900 datum
587 3826 679 3900 dicte
709 3826 896 3900 indenture
931 3825 1148 3918 excludatur,
1182 3825 1409 3898 obscervante
1442 3827 1641 3922 supradicta

431 3927 667 4001 convencione
690 3927 727 4000 in
750 3928 925 4012 omnibus,
943 3952 1008 3999 nos
1033 3927 1180 4026 predicti
1207 3927 1372 4025 magister
1393 3942 1429 3999 et
1449 3923 1640 4001 confratres

431 4031 599 4103 volumus
614 4029 712 4128 quod
732 4029 953 4126 supradictus
974 4027 1152 4102 Robertus
1173 4028 1285 4102 Salter
1305 4029 1454 4104 heredes
1472 4043 1509 4100 et
1531 4031 1640 4130 assig-

432 4130 503 4202 nati
535 4131 588 4202 sui
623 4129 769 4204 habeant
798 4145 835 4202 et
861 4144 1001 4202 teneant
1031 4129 1230 4227 predictum
1264 4128 1507 4202 molendinum
1540 4129 1640 4229 quod

430 4246 579 4304 vocatur
605 4229 841 4304 Asschemelle
858 4255 939 4302 cum
966 4230 1038 4303 suis
1064 4229 1301 4328 pertinenciis,
1329 4246 1370 4302 ut
1397 4229 1639 4328 supradictum

429 4349 494 4423 est,
524 4331 673 4406 durante
706 4332 860 4405 termino
893 4329 1077 4429 predicto:
1121 4329 1291 4403 reddend’
1333 4329 1415 4406 inde
1457 4331 1638 4406 annuatim
