3738 5304
821 447 1001 520 DOVER
1027 445 1305 520 CHARTERS

987 640 1135 722 c111.
1197 637 1202 646 “

797 817 861 898 xxj
883 815 1026 898 Aprilis,
1047 827 1089 896 37
1111 816 1204 884 Heu.
1226 814 1328 882 vm.

457 974 641 1048 Orruruus
660 971 793 1047 Christi
820 971 982 1046 fidelibus
1011 972 1055 1044 ad
1082 996 1175 1070 quos
1204 995 1345 1068 presens
1374 977 1546 1072 scriptum
1584 1000 1666 1074 per-

457 1075 607 1163 venerit,
624 1075 802 1168 johannes
832 1073 994 1160 Mascall,
1024 1073 1070 1145 de
1100 1071 1222 1160 Chart,
1235 1072 1338 1173 juxta
1354 1075 1482 1150 Sutton
1501 1077 1664 1164 Valance,

457 1175 493 1248 in
524 1177 706 1250 Comitatu
738 1173 884 1262 Kancie,
914 1171 1169 1262 husbandman,
1209 1199 1301 1246 unus
1331 1175 1486 1250 liliorum
1518 1176 1663 1250 Roberti

459 1276 619 1366 Mascall,
636 1273 1003 1350 defuncti—Salutem
1019 1274 1056 1347 in
1074 1275 1234 1347 domino.
1275 1275 1397 1350 Sciatis
1414 1304 1470 1350 me
1487 1275 1663 1376 prefatum

455 1379 654 1474 Johannem
684 1377 894 1466 vendidisse,
923 1375 1128 1464 concecisse,
1159 1374 1308 1463 dedisse,
1338 1394 1374 1450 et
1404 1405 1467 1477 per
1495 1381 1562 1451 hoc
1585 1403 1665 1476 pre-

456 1505 536 1552 sens
569 1479 742 1577 scriptum
777 1503 896 1550 meum
931 1503 997 1574 pro
1030 1502 1086 1549 me
1119 1493 1155 1548 et
1196 1477 1381 1551 herodibus
1415 1479 1501 1554 meis
1534 1480 1665 1577 imper-

457 1597 605 1680 petuum
636 1579 859 1654 confirmasse
884 1577 1024 1651 Thome
1051 1575 1302 1675 ffrankeleyne,
1329 1596 1366 1652 et
1391 1580 1577 1655 heredibus
1593 1582 1665 1653 suis

457 1682 732 1781 imperpetuum,
751 1705 863 1752 unum
892 1679 1077 1752 annualem
1107 1678 1287 1752 redditum
1318 1681 1439 1755 decem
1466 1681 1663 1754 solidorum

456 1783 709 1883 sterlingorum
747 1779 929 1854 annuatim
962 1796 1148 1852 exeuntem
1178 1780 1223 1853 de
1261 1796 1297 1852 et
1326 1781 1363 1854 in
1393 1783 1531 1856 duabus
1560 1783 1665 1880 peciis

456 1900 548 1957 terre
565 1909 646 1957 cum
665 1882 890 1982 pertinenciis
907 1880 990 1971 suis,
1020 1881 1153 1954 vocatis
1179 1881 1445 1973 Warnereland,
1466 1883 1665 1985 jacentibus

456 2001 492 2057 et
521 1983 752 2058 existentibus
781 1983 819 2055 in
848 1982 1020 2056 Parochia
1057 1982 1102 2055 de
1133 1982 1327 2080 Boughton
1364 1984 1595 2082 Monchesey,
1625 1983 1662 2057 in

457 2085 629 2158 comitatu
663 2083 835 2182 predicto,
869 2083 1045 2170 videlicet,
1081 2081 1126 2156 ad
1169 2083 1300 2182 regiam
1343 2101 1489 2158 stratam
1531 2085 1663 2158 ibidem

457 2212 578 2258 versus
595 2201 660 2272 est,
678 2185 722 2258 ad
740 2201 870 2258 terram
886 2183 1039 2256 Simonis
1052 2183 1210 2279 Smythe,
1224 2201 1382 2258 vocatam
1397 2185 1662 2274 Halbrokland,

457 2313 576 2360 versus
592 2287 719 2360 southe
736 2301 772 2358 et
789 2300 885 2370 west,
903 2284 1000 2356 etad
1018 2300 1147 2356 terram
1161 2284 1311 2358 Walteri
1325 2287 1483 2378 Mascall,
1503 2305 1662 2361 vocatam

458 2387 658 2475 Claxhams,
677 2411 797 2458 versus
813 2400 898 2458 west
915 2400 950 2457 et
973 2385 1122 2457 northe:
1151 2384 1301 2459 habend’
1327 2403 1363 2460 et
1388 2389 1600 2486 percipiend'
1627 2406 1662 2460 et

455 2487 593 2563 levand’
612 2487 811 2584 predictum
828 2484 1013 2558 annualem
1030 2484 1212 2558 redditum
1230 2486 1350 2560 decem
1368 2487 1566 2562 solidorum
1583 2514 1663 2587 pre-

456 2588 531 2663 fato
555 2593 698 2663 Thome
716 2584 946 2682 ffrankeleyn,
966 2585 1154 2659 heredibus
1179 2603 1215 2659 et
1240 2589 1424 2688 assignatis
1444 2589 1516 2662 suis
1532 2590 1662 2689 imper-

457 2707 618 2790 petuum,
646 2690 691 2763 ad
721 2689 811 2763 duos
840 2687 922 2761 anni
953 2687 1134 2778 terminos,
1166 2687 1342 2779 videlicet,
1359 2689 1402 2762 ad
1433 2688 1520 2764 festa
1546 2692 1660 2764 Sancti

458 2792 646 2865 Michaelis
675 2788 903 2887 Archiangeli
932 2804 968 2861 et
998 2788 1301 2863 Annunciacionis
1330 2790 1429 2864 beate
1447 2791 1562 2864 Marie
1580 2793 1662 2864 Vir-

455 2893 550 2992 ginis
566 2893 667 2994 equis
684 2890 911 2990 porcionibus
927 2890 1107 2962 annuatim
1125 2888 1284 2963 solvend'
1301 2891 1587 2990 imperpetuum:
1612 2893 1661 2965 Et

456 2993 484 3067 si
515 2995 698 3091 contingat
726 2993 863 3065 dictum
893 2991 1079 3063 annualem
1109 2990 1288 3064 redditum
1316 2993 1437 3064 decem
1465 2993 1661 3068 solidorum

456 3111 573 3168 aretro
603 3092 680 3166 fore
710 3119 781 3166 non
811 3091 967 3164 solutum
995 3091 1032 3163 in
1061 3107 1159 3188 parte
1188 3091 1242 3164 vel
1270 3093 1306 3164 in
1323 3109 1404 3166 toto
1420 3111 1502 3191 post
1518 3093 1661 3193 aliquod

456 3194 586 3268 festum
617 3192 788 3268 festorum
818 3218 893 3291 quo
922 3190 1012 3264 solvi
1043 3190 1198 3281 deberet,
1226 3194 1325 3292 quod
1354 3211 1440 3268 tunc
1465 3211 1501 3267 et
1529 3195 1663 3269 tociens

456 3296 543 3368 bene
560 3293 678 3368 licebit
696 3291 834 3391 prefato
850 3293 993 3364 Thome
1010 3291 1240 3391 ffrankeleyn,
1253 3295 1439 3368 heredibus
1455 3312 1490 3368 et
1507 3297 1662 3396 assigna-

457 3397 501 3469 tis
518 3396 600 3484 suis,
619 3396 654 3467 in
673 3395 847 3491 predictas
863 3393 950 3466 duas
970 3393 1083 3492 pecias
1100 3410 1192 3467 terre
1214 3419 1294 3466 cum
1320 3395 1554 3493 pertinenciis,
1571 3413 1607 3469 et
1624 3397 1660 3469 in

455 3495 650 3596 quamlibet
667 3495 750 3568 inde
767 3493 965 3593 parcebam,
980 3495 1109 3566 intrare
1127 3511 1162 3568 et
1180 3495 1403 3596 distringere,
1421 3497 1662 3570 districciones

456 3624 526 3698 que
562 3599 612 3670 sic
645 3595 776 3670 ibidem
807 3611 924 3693 captas
953 3611 989 3668 et
1019 3594 1155 3668 habitas
1183 3595 1277 3669 licite
1306 3597 1349 3670 ab
1379 3598 1463 3671 inde
1492 3599 1661 3671 abducere

455 3699 609 3800 effugare
647 3713 683 3770 et
720 3713 900 3796 asportare
937 3712 973 3769 et
1011 3721 1072 3769 eos
1109 3697 1268 3770 detinere
1297 3723 1484 3798 quousque
1513 3715 1585 3772 tam
1616 3700 1661 3774 de

456 3802 581 3875 eodem
632 3797 771 3872 annuali
820 3797 962 3870 redditu
1013 3798 1133 3871 decern
1171 3798 1367 3872 solidorum
1413 3817 1449 3872 et
1491 3801 1662 3900 arreragia

455 3902 624 3988 eusdem,
655 3925 694 3972 ac
724 3898 910 4000 cujuslibet
938 3897 1021 3970 inde
1047 3897 1206 3995 parcelle,
1230 3926 1338 3999 quam
1364 3900 1409 3973 de
1433 3903 1594 3999 expensis
1624 3920 1660 3974 et

456 3927 619 4101 dampnis
648 4027 688 4074 ea
716 3999 898 4074 occasione
927 3997 1054 4071 habitis
1083 4016 1119 4072 et
1148 4001 1316 4074 sustentis
1345 3999 1483 4099 prefato
1520 4001 1661 4076 Thome

456 4102 675 4199 ffrankeleyn
710 4100 895 4174 heredibus
928 4115 989 4172 aut
1023 4099 1206 4198 assignatis
1247 4103 1318 4174 suis
1360 4101 1513 4199 plenarie
1555 4101 1661 4176 fuerit

455 4205 613 4280 solutum
636 4219 671 4276 et
695 4200 911 4274 satisfactum
929 4228 936 4272 τ
965 4201 1014 4273 Et
1032 4217 1072 4273 ut
1090 4202 1154 4273 hec
1172 4227 1249 4274 mea
1265 4202 1415 4276 donacio
1431 4220 1468 4277 et
1485 4205 1662 4278 concessio

455 4305 593 4380 stabiles
621 4320 656 4378 et
687 4303 787 4375 firme
817 4303 887 4374 sint
918 4326 957 4374 ac
983 4300 1167 4399 capiantur.
1190 4301 1354 4377 effectum
1391 4331 1459 4404 ego
1484 4305 1662 4404 predictus

476 3901 485 3916 Ο
