3726 5256
798 473 975 549 DOVER
1000 471 1280 550 CHARTERS

958 681 1149 765 XXXV.

754 854 845 938 ux]
870 855 1100 937 Decembres,
1122 870 1160 922 11
1185 855 1261 924 Rlc
1284 854 1331 922 11.

437 1009 529 1085 Hac
555 1012 745 1086 indentura
769 1027 918 1086 testatur
944 1013 1043 1114 quod
1066 1012 1246 1108 Johannes
1271 1011 1428 1112 Monyn,
1453 1010 1585 1112 Major,
1611 1026 1646 1083 et

435 1111 614 1206 Johannes
652 1113 838 1202 Hemone,
873 1114 1034 1188 Thomas
1076 1113 1188 1207 Lord‚
1231 1113 1411 1188 Robertus
1436 1111 1567 1210 Aleyn,
1610 1126 1647 1184 et

436 1213 616 1308 Jonannes
643 1228 715 1287 atte
746 1213 871 1306 Melle,
897 1213 1059 1289 custodes
1076 1229 1203 1314 portus
1232 1215 1411 1305 Dovorre,
1438 1213 1582 1286 nomine
1609 1228 1646 1286 et

437 1339 577 1388 assensu
611 1313 726 1389 tocius
751 1313 1029 1390 Communitatis
1061 1331 1188 1416 portus
1220 1315 1368 1414 predicti
1401 1328 1647 1389 concesserunt

436 1431 473 1488 et
490 1415 535 1490 ad
551 1413 648 1490 feodi
662 1415 802 1490 firmam
827 1416 1039 1492 dimiserunt
1054 1416 1243 1490 Willelmo
1260 1415 1407 1491 Chilton
1423 1431 1459 1491 et
1475 1415 1646 1510 Johanne,

438 1515 542 1590 uxori
583 1517 671 1618 ejus,
715 1542 822 1590 unam
864 1516 1018 1616 placeam
1061 1531 1152 1591 terre
1195 1540 1303 1592 vacue
1337 1517 1514 1618 jacentem
1555 1512 1648 1588 infra

438 1617 638 1692 libertatem
654 1633 779 1718 portus
796 1619 963 1692 Dovorre
980 1619 1018 1692 in
1035 1617 1330 1692 Deremanwarde
1345 1619 1390 1694 ad
1404 1631 1646 1692 tenementum

439 1718 564 1792 ldonie
590 1719 734 1793 Soltone
767 1743 891 1795 versus
918 1721 1122 1808 northwest,
1151 1733 1189 1793 et
1221 1735 1350 1793 terram
1379 1718 1521 1793 Thome
1547 1716 1647 1790 Lord

439 1845 561 1893 versus
589 1820 795 1910 southwest,
822 1836 860 1894 et
887 1820 1021 1936 regiam
1056 1835 1201 1895 stratam
1234 1845 1357 1894 versus
1391 1818 1589 1909 northeast,'
1611 1833 1647 1891 et

440 1936 680 1994 tenementum
706 1919 854 2019 predicti
880 1919 1056 1994 Willelmi
1084 1944 1206 1995 versus
1230 1920 1414 1994 southeet:
1442 1917 1592 1994 habend'
1609 1932 1647 1991 et

439 2021 581 2095 tenend’
598 2021 792 2119 predictam
818 2022 970 2121 placeam
996 2038 1088 2095 terre
1113 2045 1196 2095 cum
1221 2019 1446 2121 pertinenciis
1470 2020 1544 2094 suis
1568 2045 1648 2118 pre-

441 2118 522 2195 fatis
538 2121 726 2195 Willelmo
742 2136 778 2195 et
794 2122 967 2217 Johanne,
982 2123 1084 2196 uxori
1101 2147 1176 2210 sue,
1197 2121 1387 2197 heredibus
1409 2137 1445 2196 et
1462 2121 1648 2221 assignatis

439 2221 550 2321 ipsius
591 2221 764 2296 Willelmi
806 2223 1095 2322 imperpetuum:
1139 2221 1299 2298 ffaciend'
1341 2223 1424 2297 inde
1465 2220 1647 2297 annuatim

440 2322 629 2398 servicium
661 2321 799 2397 domini
830 2323 940 2424 Regis
973 2348 1055 2398 cum
1088 2323 1253 2399 acciderit
1278 2324 1471 2398 secundum
1500 2348 1648 2397 consue-

441 2423 603 2499 tudinem
633 2439 759 2524 portus
782 2424 955 2522 predicti:
987 2439 1023 2499 et
1048 2424 1219 2500 reddend'
1236 2424 1320 2500 inde
1344 2423 1528 2500 annuatim
1554 2423 1647 2499 dicte

440 2525 687 2601 communitati
720 2541 757 2598 et
794 2525 1049 2600 successoribus
1081 2525 1155 2600 suis
1195 2526 1241 2601 ad
1278 2525 1408 2600 festum
1442 2525 1649 2600 Natiuitatis

441 2626 556 2700 Sancti
585 2627 757 2721 Johannis
785 2627 953 2725 Baptiste,
982 2651 1044 2700 sex
1068 2625 1230 2700 denarios
1258 2624 1511 2728 sterlingorum
1539 2625 1647 2700 annui

441 2727 627 2817 redditus;
652 2744 690 2802 et
711 2727 742 2803 si
767 2729 947 2827 predictus
964 2727 1125 2801 redditus
1149 2743 1266 2802 aretro
1282 2726 1392 2801 fuerit
1414 2729 1451 2802 iu
1468 2743 1567 2828 parte
1592 2725 1648 2800 vel

441 2829 478 2902 in
507 2844 588 2902 toto
618 2829 712 2903 ultra
739 2829 932 2904 terminum
961 2829 1161 2928 predictum
1191 2843 1278 2903 tunc
1307 2826 1426 2903 licebit
1453 2827 1579 2902 ma'ori
1611 2843 1649 2900 et

441 2928 649 3004 custodibus
681 2944 717 3004 et
750 2929 824 3003 suis
848 2929 1116 3018 successoribus,
1143 2931 1206 3031 qui
1229 2953 1296 3028 pro
1318 2944 1478 3029 tempore
1503 2853 1648 3022 inerint,

441 3031 584 3104 nomine
596 3029 689 3105 dicte
701 3030 967 3106 communitatis
977 3032 1014 3104 in
1024 3029 1181 3129 predicta
1193 3030 1310 3128 placea
1321 3045 1415 3106 terre
1426 3030 1649 3130 distringere,

440 3131 681 3206 districciones
721 3130 893 3206 abducere
917 3146 953 3204 et
994 3131 1145 3206 retinere
1178 3155 1367 3230 quousque
1404 3131 1449 3206 de
1490 3131 1651 3230 predicto

439 3231 585 3305 redditu
617 3231 727 3306 etde
759 3230 927 3306 omnibus
955 3230 1038 3306 inde
1067 3232 1250 3332 arreragiis
1278 3231 1348 3306 illis
1381 3231 1483 3330 plene
1515 3229 1649 3305 fuerint

440 3328 657 3406 satisfactum
674 3359 681 3406 :
710 3330 739 3404 si
756 3357 842 3405 vero
858 3331 1038 3430 predictus
1054 3332 1216 3406 redditus
1228 3350 1345 3407 aretro
1361 3330 1484 3422 fuerit,
1497 3331 1533 3406 in
1551 3347 1648 3430 parte

441 3431 498 3506 vel
527 3431 563 3504 in
593 3447 683 3519 toto,
701 3457 763 3530 per
789 3457 902 3506 unum
927 3457 1061 3506 annum
1087 3457 1201 3507 unum
1223 3432 1319 3507 diem
1336 3433 1430 3507 ultra
1454 3433 1647 3507 terminum

441 3533 627 3633 prefixum,
645 3549 682 3606 et
698 3533 877 3607 districcio
894 3531 1069 3606 sufficiens
1085 3535 1129 3606 ad
1147 3532 1303 3608 valorem
1320 3533 1408 3608 dicti
1434 3535 1595 3609 redditus
1611 3534 1649 3607 in

442 3634 600 3734 predic-ta
621 3632 737 3733 platea
762 3633 912 3708 inveniri
933 3659 1004 3708 uon
1030 3635 1162 3733 poterit
1178 3650 1265 3708 tunc
1287 3634 1426 3709 licitum
1448 3636 1494 3709 sit
1515 3635 1649 3708 eisdem

442 3734 567 3836 majori
599 3748 637 3808 et
670 3733 877 3808 custodibus
905 3735 969 3835 qui
1004 3760 1071 3834 pro
1104 3750 1264 3834 tempore
1296 3733 1430 3810 fuerint
1459 3751 1649 3810 eteorum

441 3834 701 3910 successoribus
743 3835 887 3910 nomine
936 3835 1029 3910 dicte
1071 3836 1336 3911 communitatis
1377 3836 1414 3909 in
1456 3837 1649 3935 predictam

441 3936 594 4036 placeam
627 3951 720 4011 terre
762 3961 846 4010 curn
879 3934 954 4010 suis
990 3935 1225 4034 pertinenciis,
1259 3937 1295 4012 in
1364 3961 1650 4037 uorumcumque

442 4061 568 4112 manus
596 4037 829 4137 imposterum
860 4037 1053 4127 devenerit,
1079 4039 1248 4112 reintrare
1273 4053 1309 4112 et
1338 4039 1349 4112 i
1460 4039 1496 4111 in
1522 4065 1649 4113 manus

443 4165 524 4212 suas
553 4139 707 4212 reseisire
736 4156 771 4212 et
801 4137 977 4237 possidere
1007 4139 1043 4212 in
1074 4155 1169 4213 statu
1194 4139 1347 4238 pristino
1376 4139 1648 4238 imperpetuum,

442 4240 574 4340 absque
599 4239 854 4338 impedimento
884 4238 940 4314 vel
966 4239 1225 4314 contradicione
1253 4265 1379 4314 eorum
1406 4239 1579 4315 Willelmi
1613 4259 1651 4314 et

440 4341 603 4436 johanne
635 4340 806 4416 heredum
840 4357 903 4415 aut
931 4340 1188 4442 assignatorum
1222 4341 1333 4442 ipsius
1364 4340 1560 4416 Willelmi:
1599 4342 1650 4416 Et
