3756 5270
470 440 539 514 282
829 438 1010 512 DOVER
1038 437 1315 514 CHARTERS

983 741 1028 820 X
1040 741 1074 822 C
1088 743 1106 820 1
1121 743 1153 824 1.

790 917 864 998 xiiij
887 917 1063 996 Octobris,
1087 917 1341 998 17uen.v11.

466 1071 681 1146 Novrarur
705 1073 860 1146 universi
878 1097 940 1172 per
967 1091 1144 1171 presentes
1170 1099 1234 1146 nos
1260 1072 1462 1148 Henricum
1488 1073 1604 1160 west,
1630 1073 1675 1146 de

464 1173 626 1269 parochia
651 1174 697 1248 de
730 1173 1004 1275 Westlangdon,
1030 1174 1067 1247 in
1094 1175 1278 1248 Comitatu
1301 1175 1446 1262 Kancie‚
1479 1175 1674 1275 Agnetam,

465 1298 610 1349 uxorem
633 1301 744 1366 suam,
760 1275 959 1370 Johannem
983 1277 1099 1365 west,
1116 1292 1152 1348 et
1174 1275 1366 1350 Ricardum
1389 1277 1503 1362 West
1524 1274 1616 1348 filios
1638 1292 1674 1348 et

464 1373 607 1451 heredes
635 1403 730 1468 suos,
765 1377 937 1451 remisisse
967 1377 1136 1450 relaxasse
1164 1393 1201 1449 et
1230 1377 1381 1450 omnino
1415 1401 1480 1474 pro
1510 1376 1611 1450 nobis
1639 1393 1674 1449 et

465 1476 654 1552 heredibus
682 1479 813 1552 nostris
846 1479 1108 1577 imperpetuum
1138 1479 1301 1578 quietum
1336 1479 1499 1552 clamasse
1533 1477 1675 1551 Thome

466 1577 640 1668 Barrowe,
658 1579 702 1654 de
728 1581 906 1667 Dovorra‚
924 1578 1112 1653 heredibus
1127 1595 1163 1652 et
1188 1579 1371 1678 assignatis
1386 1577 1458 1652 suis
1475 1594 1595 1652 totum
1615 1579 1675 1678 jus

465 1696 628 1754 nostrum
645 1696 778 1754 statum
793 1681 937 1754 titulum
954 1680 1119 1754 interesse
1137 1679 1307 1754 clameum
1324 1697 1359 1754 et
1373 1679 1588 1754 demandum
1605 1705 1675 1779 que

464 1779 650 1855 habuimus
666 1779 834 1856 habemus
849 1799 910 1855 aut
936 1781 1055 1880 aliquo
1071 1781 1181 1855 modo
1198 1781 1234 1852 in
1261 1779 1385 1855 futuro
1401 1781 1528 1854 habere
1545 1780 1675 1878 poteri-

464 1906 544 1954 mus
569 1881 613 1954 de
636 1881 730 1955 etin
756 1881 923 1955 omnibus
947 1899 984 1955 et
1003 1881 1153 1982 singulis
1182 1881 1249 1954 illis
1276 1881 1380 1956 terris
1405 1896 1442 1955 et
1465 1881 1674 1955 tenementis

465 2007 545 2056 cum
568 1982 793 2080 pertinenciis
812 1981 1011 2082 jacentibus
1027 2001 1064 2056 et
1080 1981 1310 2057 existentibus
1329 1982 1424 2081 apud
1440 1981 1616 2073 Asshecle‚
1636 1983 1672 2056 in

464 2081 629 2180 parochis
647 2082 693 2155 de
710 2083 954 2173 Northebom,
971 2109 1042 2182 que
1066 2108 1134 2184 ego
1160 2083 1340 2181 predictus
1354 2083 1536 2156 Henricus
1561 2109 1673 2182 nuper

464 2182 655 2283 perquisivi
686 2184 731 2258 de
761 2184 913 2259 Ricardo
941 2184 1113 2274 Palmere,
1140 2185 1320 2284 quondam
1352 2185 1397 2260 de
1432 2185 1609 2272 Dovorra,
1636 2200 1673 2257 et

463 2299 565 2364 antea
594 2283 740 2359 fuerunt
775 2284 1026 2359 Bartholomeo
1063 2289 1235 2360 Barowe:
1281 2286 1328 2358 ita
1360 2285 1460 2385 quod
1503 2310 1566 2358 nec
1608 2309 1673 2359 nos

463 2384 610 2483 predicti
654 2383 847 2476 Henricus,
880 2389 1015 2487 Agnes,
1056 2386 1245 2480 Johannes‚
1279 2404 1317 2460 et
1352 2386 1522 2460 Ricardus
1556 2386 1672 2475 West,

463 2511 597 2585 necque
626 2485 772 2560 heredes
797 2487 920 2577 nostri,
946 2513 1010 2562 nec
1035 2487 1162 2588 aliquis
1187 2487 1275 2561 alius
1301 2486 1504 2560 nominibus
1529 2487 1670 2576 nostris,

462 2587 606 2688 aliquod
618 2587 681 2688 jus
696 2603 810 2662 status
824 2589 970 2664 titulum
996 2589 1162 2663 interesse
1175 2591 1347 2662 clameum
1364 2589 1439 2662 sive
1455 2587 1669 2662 demandum

462 2688 507 2763 de
523 2689 580 2768 vel
599 2689 635 2762 in
654 2689 821 2787 predictis
846 2691 949 2765 terris
965 2708 1001 2765 et
1020 2689 1230 2765 tenementis
1246 2714 1328 2762 cum
1353 2689 1588 2787 pertinenciis,
1607 2715 1670 2762 nec

461 2790 506 2864 de
523 2790 579 2864 vel
597 2789 633 2862 in
651 2791 768 2892 aliqua
784 2791 866 2866 inde
883 2792 1042 2890 parcella,
1059 2791 1104 2867 de
1121 2808 1238 2864 cetero
1254 2791 1391 2892 exigere
1407 2807 1470 2864 aut
1486 2791 1671 2865 vendicare

462 2891 659 2990 poterimus
689 2918 752 2966 nec
781 2891 965 2966 reclamare
989 2893 1160 2967 debemus
1189 2891 1225 2965 in
1256 2891 1393 2980 futuro,
1424 2907 1477 2966 set
1506 2908 1542 2964 at
1571 2892 1670 2965 omni

461 2993 602 3067 accione
621 2993 715 3094 juris
740 3008 853 3068 status
878 2994 972 3067 tituli
990 2993 1155 3067 interesse
1181 2992 1301 3066 clemei
1319 3017 1380 3066 seu
1397 2991 1562 3067 demandi
1586 2991 1669 3065 inde

462 3093 610 3168 habend’
628 3094 701 3167 sive
727 3095 869 3194 petend’
887 3095 1028 3193 penitus
1044 3096 1154 3168 simus
1170 3093 1301 3168 exclusi
1328 3094 1590 3192 imperpetuum
1609 3119 1671 3192 per

462 3211 649 3293 presentes.

500 3305 502 3312 ’
538 3295 578 3368 ln
600 3295 712 3396 cujus
746 3295 796 3369 rei
831 3296 1077 3371 testimonium
1119 3296 1202 3370 huic
1236 3296 1388 3394 presenti
1425 3309 1517 3368 carte
1550 3309 1670 3368 nostre

460 3394 574 3497 sigilla
590 3413 710 3471 nostru
725 3397 967 3496 apposuimus.

535 3499 629 3572 Data
644 3498 912 3598 quartodecimo
928 3499 986 3573 die
1003 3497 1139 3572 mensis*
1152 3497 1321 3573 Octobris
1337 3521 1430 3572 anno
1446 3497 1545 3596 regni
1564 3497 1669 3596 Regis

463 3597 618 3672 Henrici
635 3599 777 3698 septimi
794 3601 939 3699 Anglie,
957 3598 1097 3676 decimo
1114 3601 1275 3698 septimo

459 3975 568 4078 [149]
