3756 5270
436 509 509 584 230
795 483 975 556 DOVER
1002 480 1282 555 CHARTERS

918 783 955 862 L
966 783 1010 862 X
1022 782 1067 861 X
1081 783 1099 860 1
1112 781 1165 864 V.

772 957 818 1038 iiij
842 955 1074 1038 Septembris,
1096 969 1117 1020 a
1138 955 1238 1022 Edu.
1263 955 1321 1021 1v.

439 1119 528 1193 Huc
559 1117 748 1191 indentura
781 1130 930 1188 testatur
953 1115 1051 1213 quod
1083 1115 1241 1211 Thomas
1270 1113 1379 1200 Gore,
1416 1113 1536 1213 Major
1565 1111 1648 1185 ville

439 1223 616 1307 Dovorre,
635 1218 792 1290 Thomas
805 1215 907 1313 Pety,
926 1214 1096 1288 Ricardus
1121 1215 1289 1304 Palmere,
1308 1214 1479 1288 Ricardus
1499 1213 1653 1312 Beregh5

437 1337 473 1394 et
507 1318 712 1392 Willelmus
754 1317 928 1405 Gustone,
964 1315 1140 1388 Custodes
1181 1315 1338 1416 ejusdem
1382 1313 1476 1402 ville,
1510 1339 1650 1388 assensu

440 1438 476 1496 et
501 1444 676 1496 concensu
702 1416 978 1491 Communitatis
1004 1417 1161 1517 ejusdem
1187 1416 1270 1490 ville
1294 1415 1504 1490 dimiserunt
1529 1415 1650 1490 libera·

441 1537 569 1596 verunt
608 1537 656 1609 et,
696 1519 759 1592 hac
801 1517 954 1618 presenti
991 1535 1086 1591 carta
1123 1517 1315 1604 indentata‚
1355 1517 1651 1592 confirmaverunt

441 1623 603 1697 Waltero
633 1620 782 1708 ffullere,
816 1621 861 1694 de
890 1619 1025 1706 eadem,
1055 1643 1167 1692 unum
1197 1643 1347 1692 vacuum
1383 1617 1550 1692 ffundum
1579 1619 1652 1692 sive

441 1744 570 1799 terram
590 1722 767 1823 jacentem
793 1720 886 1793 infra
910 1720 1107 1792 libertatem
1134 1721 1264 1792 Portus
1290 1720 1453 1792 Dovorre
1479 1720 1515 1793 in
1542 1721 1653 1793 Dere-

444 1823 642 1898 manwarde
683 1823 775 1894 inter
817 1839 947 1895 terram
990 1821 1133 1895 Thome
1175 1819 1286 1916 Toky
1330 1845 1450 1893 versus
1491 1836 1574 1910 east,
1617 1837 1652 1893 et

445 1924 663 2023 mesuagium
707 1921 881 2022 Stephani
924 1922 1064 1995 Axsted
1107 1947 1229 1994 versus
1270 1921 1394 2009 north,
1436 1938 1471 1993 et
1506 1921 1652 2020 Regiam

443 2041 588 2100 stratam
622 2023 834 2120 exopposito
867 2046 1010 2096 murum
1045 2021 1127 2095 ville
1161 2048 1282 2095 versus
1323 2022 1445 2109 south,
1479 2038 1516 2095 et
1557 2047 1655 2095 com·

446 2151 590 2200 munem
625 2123 798 2196 venellam
826 2122 958 2195 ibidem
992 2148 1113 2195 versus
1138 2139 1244 2196 west:
1275 2122 1425 2195 habend’
1451 2139 1486 2197 et
1512 2123 1654 2196 tenend’

447 2226 646 2325 predictum
690 2224 855 2297 ffundum
906 2223 980 2296 sive
1022 2239 1151 2296 terram
1194 2248 1275 2296 cum
1319 2223 1391 2296 suis
1433 2223 1656 2321 pertinenciis

447 2326 586 2426 prefato
611 2325 775 2398 Waltero
795 2323 983 2397 heredibus
1005 2340 1040 2395 et
1064 2325 1246 2424 assignatis
1269 2325 1341 2398 suis
1365 2325 1654 2423 imperpetuum:

448 2427 609 2501 ffaciend'
643 2425 726 2499 inde
759 2423 947 2498 servicium
980 2425 1117 2498 domini
1153 2426 1260 2524 Regis
1293 2449 1374 2498 cum
1407 2424 1587 2513 acciderit,
1621 2441 1657 2499 et

449 2527 678 2602 nihilominus
703 2524 907 2624 capitalibus
931 2525 1087 2599 dominis
1112 2525 1259 2599 servicia
1282 2526 1364 2599 inde
1389 2524 1529 2600 debita:
1565 2527 1655 2600 Red..

448 2630 555 2704 dend’
574 2627 656 2701 inde
672 2625 852 2700 annuatim
878 2627 1011 2727 Majori
1034 2628 1199 2700 Dovorre
1219 2642 1256 2700 et
1279 2625 1485 2701 custodibus
1500 2627 1657 2728 ejusdem

450 2756 515 2830 pro
548 2747 708 2827 tempore
746 2727 977 2802 existentibus
1004 2743 1041 2800 et
1082 2752 1207 2801 eorum
1240 2726 1496 2801 successoribus
1529 2729 1659 2826 imper-

451 2849 613 2930 petuum,
648 2847 732 2904 octo
764 2829 927 2902 denarios
960 2826 1209 2928 sterlingorum
1239 2828 1276 2901 in
1311 2828 1429 2930 Vigile
1454 2829 1661 2904 Nativitatis

450 2933 548 3006 beate
591 2929 709 3004 Marie
751 2929 890 3029 Viginis
930 2929 1114 3004 solvend’:
1167 2945 1204 3002 et
1236 2929 1265 3002 si
1307 2929 1491 3029 contingat
1522 2931 1659 3004 dictum

449 3033 634 3107 annualem
658 3031 837 3105 redditum
863 3046 946 3104 octo
971 3031 1196 3104 denariorum
1222 3030 1265 3104 ad
1291 3029 1443 3129 aliquem
1469 3033 1661 3106 terminum

450 3160 524 3234 quo
552 3133 643 3206 solvi
674 3131 798 3205 debeat
827 3147 944 3204 aretro
972 3129 1060 3218 fore,
1091 3148 1220 3204 extunc
1259 3132 1345 3204 bene
1378 3130 1496 3205 licebit
1527 3133 1659 3234 Majori

452 3235 533 3306 ville
567 3235 732 3307 Dovorre
764 3247 801 3304 et
836 3230 1055 3307 Custodibus
1088 3231 1245 3332 ejusdem
1278 3257 1346 3331 pro
1378 3249 1538 3332 tempore
1571 3234 1658 3306 exis-

450 3333 607 3410 tentibus
635 3335 671 3405 in
707 3333 905 3431 predictum
948 3332 1114 3406 ffundum
1148 3333 1222 3406 sive
1263 3349 1392 3406 terram
1426 3335 1555 3408 intrare
1588 3336 1662 3410 dis-

452 3438 620 3535 tringere,
650 3449 686 3505 et
713 3432 953 3507 districciones
986 3459 1027 3506 ea
1068 3435 1248 3507 occasione
1280 3451 1397 3534 captas
1424 3435 1595 3508 abducere
1624 3452 1660 3510 et

451 3537 607 3634 effugare
640 3559 825 3633 quousque
858 3534 903 3608 de
937 3559 980 3608 eo
1017 3535 1114 3633 quod
1144 3551 1260 3609 aretro
1289 3533 1397 3608 fuerit
1429 3534 1582 3634 plenarie
1614 3537 1660 3611 sit

449 3635 666 3710 satisfactum
691 3651 727 3708 et
751 3636 982 3734 persolutum.

531 3737 572 3810 ln
591 3735 689 3831 cujus
706 3736 756 3808 rei
781 3736 1026 3811 testimonium
1044 3738 1106 3809 uni
1124 3737 1215 3834 parti
1242 3737 1346 3837 hujus
1363 3753 1455 3810 carte
1472 3738 1662 3829 indentate,

452 3864 558 3936 penes
588 3835 742 3935 prefatos
781 3837 958 3938 Majorem
992 3854 1028 3910 et
1057 3838 1220 3911 custodes
1249 3838 1455 3928 remanenti,
1484 3841 1662 3938 predictus

455 3940 635 4013 Walterus
659 3937 815 4037 sigillum
841 3963 945 4012 suum
971 3939 1146 4037 apposuit,
1182 3938 1281 4012 alteri
1316 3963 1403 4014 vcro
1432 3941 1522 4038 parti
1557 3967 1663 4040 penes

455 4039 631 4141 prefatum
666 4039 866 4112 Walterum
900 4039 1107 4129 remanenti,
1143 4038 1298 4139 sigillum
1326 4039 1431 4112 officii
1463 4041 1662 4142 Majoratus

454 4145 618 4218 Dovorre
641 4157 694 4214 est
719 4165 924 4239 appensum.
