3728 5256
447 469 513 543 172
803 446 984 522 oovssn
1011 446 1290 520 cunnrnns

944 741 1140 822 LVlll.

825 935 851 980 x
872 916 1041 996 Augusti,
1064 929 1085 994 3
1106 915 1198 981 Hen.
1220 914 1262 981 V.

440 1071 655 1145 Novunrnr
672 1069 828 1144 universi
855 1095 919 1144 nos
942 1072 1142 1165 Johannem
1169 1069 1325 1166 Monyn,
1350 1068 1395 1142 de
1421 1068 1599 1157 Dovorra,
1615 1084 1652 1140 et

440 1173 619 1245 Thomarn
647 1172 874 1262 Marchaunt,
899 1171 943 1244 de
970 1171 1148 1258 Ladenne‚
1184 1168 1368 1257 remisisse,
1402 1170 1582 1257 relaxasse,
1615 1185 1651 1242 et

440 1273 588 1347 omnino
605 1298 671 1371 pro
688 1272 789 1347 nobis
805 1288 841 1346 et
859 1271 1046 1345 heredibus
1064 1271 1193 1344 nostris
1210 1270 1471 1370 imperpetuum
1489 1271 1649 1370 quietum

440 1374 602 1447 clamasse
619 1373 805 1447 Willelmo
821 1373 1045 1474 Yngelonde,
1063 1374 1109 1447 de
1127 1373 1302 1458 Dovorra,
1323 1371 1510 1445 heredibus
1527 1387 1563 1444 et
1580 1371 1651 1443 suis

440 1475 621 1574 assignatis
654 1475 691 1547 in
722 1501 784 1548 sua
814 1474 1031 1572 possessione
1065 1489 1183 1549 totum
1213 1489 1375 1546 nostrum
1403 1473 1465 1573 jus
1493 1490 1529 1546 et
1557 1471 1650 1572 juris

440 1575 611 1650 clameum
634 1601 705 1675 que
728 1575 908 1665 habemus,
932 1575 1130 1664 habuimus,
1152 1599 1215 1647 seu
1236 1574 1364 1673 quovis
1390 1574 1500 1647 modo
1525 1573 1650 1646 habere

440 1677 635 1776 poterimus
665 1677 701 1750 in
728 1703 803 1750 uno
830 1692 1033 1750 tenemento
1058 1701 1138 1749 cum
1168 1675 1241 1748 suis
1270 1675 1493 1773 pertinenciis
1519 1675 1651 1747 situato

439 1775 531 1851 infra
564 1777 759 1852 libertatem
795 1794 918 1876 portus
953 1778 1118 1851 Dovorre
1152 1777 1188 1850 in
1225 1776 1525 1875 Moryneswarde,
1559 1776 1650 1849 inter

441 1895 682 1953 tenementum
699 1879 840 1952 Thome
851 1879 1027 1953 Cocchare
1044 1902 1167 1950 versus
1179 1879 1360 1950 southeest
1370 1893 1407 1949 et
1423 1876 1648 1965 northewest,

439 1995 476 2052 et
503 1981 634 2079 regiain
659 1995 804 2052 stratam
830 2005 953 2054 versus
978 1979 1150 2067 northest‚
1168 1995 1204 2050 et
1230 1979 1322 2051 inter
1348 1979 1525 2077 quandam
1550 2003 1649 2051 com-

439 2105 584 2153 munem
622 2078 796 2153 venellam
830 2105 950 2154 versus
987 2081 1211 2166 southewest,
1246 2079 1344 2178 quod
1378 2078 1524 2177 quidem
1551 2095 1650 2152 tene-

440 2197 603 2253 mentum
628 2207 698 2253 una
723 2205 805 2253 cum
830 2180 905 2254 aliis
930 2180 1034 2254 terris
1063 2179 1273 2254 tenementis
1296 2196 1333 2254 et
1361 2177 1559 2254 redditibus
1587 2205 1651 2254 nos

439 2282 628 2377 johannes,
659 2297 695 2354 et
727 2281 888 2354 Thomas
922 2281 1139 2354 Marchaunt
1174 2280 1421 2378 prenominati,
1455 2307 1526 2354 una
1566 2305 1649 2354 cum

438 2383 601 2477 Johanne
619 2381 810 2457 Evebroke
835 2399 870 2455 et
898 2382 1061 2456 Henrico
1087 2383 1217 2474 Merle,
1230 2381 1306 2482 jam
1332 2379 1520 2473 defunctis,
1539 2407 1650 2480 nuper

441 2483 625 2558 habuimus
650 2484 694 2557 de
719 2483 817 2556 dono
842 2482 1034 2582 supradicti
1061 2482 1261 2556 Willelmi:
1290 2482 1339 2556 ita
1363 2483 1525 2557 videlicet
1551 2482 1648 2582 quod

440 2609 513 2658 non
543 2608 619 2672 nos,
648 2585 838 2682 supradicti
864 2585 1055 2679 Johannes,
1085 2599 1120 2656 et
1144 2585 1303 2656 Thomas
1326 2584 1556 2672 Marchaunt,
1586 2609 1649 2657 nec

440 2686 586 2759 heredes
603 2685 727 2774 nostri,
746 2711 809 2758 nec
821 2684 946 2784 aliquis
962 2683 1051 2758 alius
1067 2710 1134 2784 pro
1151 2685 1262 2772 nobis,
1277 2709 1338 2757 seu
1356 2685 1498 2758 nomine
1516 2701 1648 2773 nostro,

439 2787 476 2860 in
504 2787 664 2886 predicto
688 2802 891 2860 tenemento
915 2811 997 2859 cum
1022 2785 1093 2859 suis
1118 2786 1342 2885 pertinenciis
1366 2784 1539 2885 quicquid
1559 2787 1650 2902 juris

440 2887 665 2987 proprietatis
697 2913 759 2961 seu
800 2889 923 2962 clamei
956 2889 1001 2961 de
1028 2903 1144 2962 cetero
1184 2887 1323 2986 exigere
1364 2886 1421 2959 vel
1464 2887 1649 2960 vendicare

440 2989 610 3064 debemus
636 2989 672 3062 in
698 2987 876 3079 futurum,
900 3005 953 3062 set
973 2989 1017 3062 ab
1038 2988 1136 3062 omni
1163 2988 1245 3061 inde
1262 2987 1354 3087 juris
1376 2989 1515 3061 accione
1540 2989 1648 3063 simus

440 3090 570 3164 exclusi
589 3115 651 3188 per
668 3106 864 3187 presentem
882 3089 1153 3188 imperpetuum.

517 3192 558 3264 ln
592 3190 698 3290 cujus
733 3191 783 3264 rei
817 3191 1061 3264 testimonium
1091 3189 1245 3290 presenti
1279 3188 1394 3290 sigilla
1427 3206 1547 3264 nostra
1587 3215 1649 3288 ap·

441 3315 810 3466 posuffiltzsbovom
839 3392 978 3465 decimo
1010 3391 1069 3465 die
1101 3392 1259 3490 Augusti
1287 3415 1380 3465 anno
1409 3393 1508 3492 regni
1541 3392 1649 3492 Regis

443 3493 606 3581 Henrici,
624 3492 738 3591 quinti
757 3490 888 3591 Anglie
905 3507 986 3591 post
1002 3507 1248 3592 conquestum,
1265 3492 1387 3566 tercio.
