3726 5256
799 475 977 550 DOVER
1004 476 1283 550 CHARTERS

934 772 1146 854 XXVIII.

810 972 887 1019 xxv
906 953 994 1034 Julii
1014 963 1056 1035 37
1078 953 1179 1021 Edw.
1203 953 1269 1021 111.

438 1110 586 1183 Sensi·
603 1123 782 1208 presentes
805 1123 841 1181 et
865 1105 980 1182 futuri
1006 1109 1105 1208 quod
1131 1134 1196 1183 nos
1219 1110 1398 1205 Johannes
1422 1110 1580 1184 Palmere
1605 1112 1650 1184 de

440 1211 628 1309 Hugham
675 1208 854 1282 Robertus
903 1208 1068 1284 Taillour
1114 1211 1159 1286 de
1192 1212 1364 1305 Doverra,
1406 1229 1442 1286 et
1487 1213 1650 1311 Rogerus

440 1312 629 1386 Shereman
645 1310 691 1383 de
715 1309 850 1401 eadem,
867 1310 1032 1385 dedimus
1057 1313 1289 1386 concessimus
1311 1329 1359 1405 et,
1376 1313 1530 1411 presenti
1557 1327 1651 1385 carta

440 1429 571 1505 nostra,
602 1409 888 1486 confirmavimus
925 1411 1044 1486 Alano
1074 1411 1248 1513 Wrsngel
1279 1430 1317 1486 et
1351 1413 1508 1487 Cristine
1548 1412 1649 1486 uxori

439 1539 514 1606 sue,
542 1538 613 1613 que
638 1509 708 1585 fuit
738 1537 828 1585 uxor
854 1511 1028 1585 Willelmi
1056 1528 1130 1587 atte
1159 1514 1263 1588 Pette
1290 1514 1440 1606 cissoris,
1492 1513 1649 1587 uoddam

439 1630 681 1688 tenementum
710 1637 791 1686 cum
821 1613 892 1686 suis
914 1615 1137 1713 pertinenciis
1160 1615 1280 1716 jacens
1309 1611 1401 1688 infra
1430 1614 1476 1687 Li
1521 1629 1649 1687 rtatem

441 1732 566 1814 portus
598 1717 763 1790 Dovorre
796 1714 833 1786 in
862 1715 1161 1814 Snorgatevrarde,
1195 1714 1359 1789 videlicet
1392 1715 1485 1789 inter
1519 1731 1649 1788 terram

440 1817 583 1891 Thome
611 1815 757 1912 Spisour
779 1839 900 1888 versus
926 1815 1130 1910 southwest‚
1150 1832 1187 1890 et
1207 1833 1450 1891 tenementum
1478 1816 1649 1891 heredum

439 1917 610 2011 Johannis
628 1917 759 2015 Joseph
783 1940 905 1990 versus
925 1916 1131 2010 northwest,
1157 1934 1194 1991 et
1221 1917 1352 2034 Regias
1377 1934 1503 1992 stratas
1528 1941 1650 1990 versus

440 2018 611 2115 versus(!)
638 2017 799 2091 northest
823 2032 859 2090 et
884 2019 1090 2110 southwest,
1108 2018 1209 2119 quod
1231 2019 1378 2119 quidem
1404 2033 1648 2092 tenementum

441 2143 552 2217 nuper
572 2117 760 2192 habuimus
780 2141 824 2190 ex
843 2118 942 2191 dono
963 2134 1000 2191 et
1019 2117 1250 2192 feoffamento
1268 2118 1356 2193 dicti
1381 2119 1554 2192 Willelmi
1577 2134 1650 2193 atte

440 2221 568 2293 Pette:
604 2217 752 2292 habend’
780 2233 816 2290 et
850 2219 988 2292 tenend'
1023 2233 1144 2293 totum
1171 2220 1371 2318 predictum
1406 2235 1649 2294 tenementum

441 2345 524 2393 cum
546 2319 620 2393 suis
637 2317 859 2418 pertinenciis
882 2315 1026 2418 prefatis
1043 2321 1163 2395 Alano
1179 2338 1215 2395 et
1237 2320 1393 2395 Cristine
1409 2321 1511 2394 uxori
1531 2346 1594 2395 sue
1613 2335 1651 2394 et

440 2445 565 2494 eorum
590 2419 773 2520 assignatis
792 2421 835 2494 ad
853 2436 966 2494 totam
989 2422 1099 2495 vitam
1126 2421 1285 2520 ipsorum
1304 2423 1412 2496 Alani
1429 2438 1465 2496 et
1493 2421 1650 2498 Cristine

441 2523 528 2596 bene
544 2537 581 2594 et
597 2523 634 2594 in
652 2545 734 2619 pace
751 2519 912 2595 ffaciend’
930 2521 1013 2596 inde
1033 2521 1223 2596 servicium
1238 2522 1374 2597 domini
1401 2523 1492 2624 regis
1508 2524 1652 2622 quando

441 2623 598 2698 evenerit
615 2622 811 2697 secundum
836 2622 1131 2697 consuetudinem
1156 2639 1281 2723 portus
1300 2623 1462 2723 predicti,
1480 2648 1520 2696 ac
1541 2624 1648 2697 etiam

442 2723 647 2823 capitalibus
688 2722 844 2796 dominis
884 2722 982 2798 feodi
1016 2723 1111 2798 illius
1145 2725 1264 2798 omnia
1296 2724 1441 2798 semida
1481 2725 1531 2797 eis
1565 2723 1648 2798 inde

441 2825 623 2899 annuatim
652 2822 771 2898 debita
799 2840 836 2897 et
865 2824 1019 2925 dejure
1049 2841 1239 2900 consueta:
1282 2840 1319 2900 et
1353 2841 1433 2925 post
1465 2825 1648 2898 decessum

442 2927 601 3025 ipsorum
631 2925 739 2999 Alani
771 2940 809 2997 et
838 2923 991 3001 Cristine
1023 2941 1143 3000 totum
1173 2926 1373 3025 predictum
1407 2941 1650 3000 tenementum

368 3017 374 3028 ¹
443 3052 525 3099 cum
552 3027 623 3100 suis
646 3025 870 3125 pertinenciis
896 3044 1073 3102 remaneat
1100 3025 1244 3100 lsabelle
1270 3025 1406 3126 Agneti
1433 3042 1469 3100 et
1499 3025 1652 3100 Cristine

443 3127 578 3201 filiabus
597 3127 747 3227 predicti
766 3127 940 3200 erlelmi
967 3145 1004 3202 et
1025 3127 1216 3203 heredibus
1236 3128 1280 3201 de
1297 3127 1505 3225 corporibus
1526 3151 1650 3200 eorum

442 3228 599 3328 legitime
620 3227 808 3326 procreatis
834 3226 921 3301 bene
948 3229 1038 3302 etin
1066 3253 1148 3326 pace
1170 3229 1253 3329 jure
1277 3227 1491 3303 hereditario
1520 3227 1651 3327 imper-

444 3344 619 3427 petuum:
646 3328 789 3402 tenend’
806 3352 870 3426 per
889 3329 1077 3403 servicium
1097 3328 1233 3402 domini
1256 3328 1349 3429 regis
1371 3328 1589 3403 antedictum
1615 3345 1652 3403 et

443 3454 506 3529 per
532 3429 678 3502 servicia
703 3426 907 3526 capitalibus
926 3429 1080 3503 dominis
1100 3429 1208 3504 ffeodi
1236 3429 1330 3503 illius
1355 3429 1438 3504 inde
1464 3428 1583 3503 debita
1613 3445 1651 3502 et

444 3545 636 3604 consueta:
664 3543 700 3602 et
724 3553 789 3603 nos
808 3528 958 3628 predicti
980 3530 1158 3625 Johannes
1178 3530 1358 3604 Robertus
1377 3546 1413 3604 et
1434 3532 1598 3630 Rogerus
1616 3546 1653 3602 et

443 3631 591 3706 heredes
607 3629 720 3703 nostri
736 3629 1043 3704 warantizabimus
1058 3647 1177 3705 totum
1194 3632 1394 3728 predictum
1412 3647 1652 3705 tenementum

444 3757 525 3806 curn
554 3729 722 3805 omnibus
748 3729 972 3830 pertinenciis
999 3732 1082 3820 suis,
1111 3730 1256 3831 prefatis
1286 3731 1405 3807 Alano
1434 3747 1470 3806 et
1498 3731 1652 3806 Cristine

444 3833 547 3908 uxori
564 3857 627 3905 sue
644 3833 687 3906 ad
706 3848 817 3906 totam
834 3831 943 3904 vitam
958 3833 1153 3906 eorundem
1166 3833 1272 3906 Alani
1285 3849 1321 3907 et
1337 3832 1502 3924 Cristine,
1518 3848 1555 3906 et
1571 3848 1652 3930 post

442 3935 623 4008 decessum
648 3932 806 4030 ipsorum
833 3931 939 4006 Alani
967 3949 1003 4008 et
1025 3933 1178 4008 Cristine
1204 3933 1340 4008 filiabus
1364 3933 1451 4008 dicti
1477 3931 1651 4006 Willelmi

443 4051 480 4108 et
508 4034 698 4109 heredibus
730 4034 775 4107 de
804 4031 1011 4132 corporibus
1042 4059 1166 4108 eorum
1195 4033 1351 4134 legitime
1367 4033 1557 4133 procreatis
1584 4034 1652 4106 im-

445 4151 658 4236 perpetuum
673 4151 797 4209 contra
812 4159 935 4208 omnes
950 4151 1081 4234 gentes.

521 4237 563 4310 ln
584 4235 686 4337 cujus
711 4236 761 4309 rei
782 4235 1027 4309 testimonium
1050 4237 1201 4334 presenti
1223 4251 1316 4309 carte
1338 4236 1520 4310 indentate
1539 4235 1653 4335 sigilla

447 4354 565 4413 nostra
592 4338 830 4437 apposuimus.
894 4337 986 4410 Data
1007 4339 1172 4413 Dovorra
1201 4337 1237 4409 in
1270 4335 1362 4410 festo
1387 4336 1498 4410 saneti
1530 4335 1652 4431 Jacobi
