3726 5256
451 472 500 547 60
810 473 986 548 DOVER
1012 471 1291 548 CHARTERS

954 771 1152 856 xxvl.

807 947 881 1030 xiiij
902 947 1036 1030 Aptius
1055 961 1097 1029 ῃ
1119 947 1220 1014 etv.
1243 947 1308 1014 m.

449 1105 583 1179 Cunm
622 1121 719 1179 tenta
755 1104 888 1178 ibidem
926 1129 1045 1179 coram
1079 1104 1228 1178 domino
1265 1107 1408 1204 Rogero
1433 1104 1477 1177 de
1504 1105 1658 1177 Mortuo

682 1205 808 1294 Mari,¹
835 1205 978 1279 Comite
1017 1205 1190 1295 Marchie,
1229 1204 1499 1279 Constabulario
1539 1204 1657 1278 Castri

448 1307 629 1403 Shipweye.
680 1307 862 1396 Dovorre‚
922 1323 959 1380 et
1010 1306 1172 1382 Custode
1234 1306 1404 1405 Quinque
1466 1306 1656 1396 Portuum,

518 1508 539 1524 ..
680 1407 738 1482 die
776 1406 914 1482 Sabbati
952 1423 1082 1508 quarto
1119 1406 1260 1482 decimo
1298 1407 1356 1481 die
1392 1405 1530 1506 Aprilis
1564 1432 1657 1481 enno

447 1533 553 1610 κιαι),
580 1524 646 1583 etc.

521 1711 737 1809 Preceptum
753 1709 823 1785 fuit
837 1710 1050 1814 Majoribus,
1064 1709 1209 1785 Ballivis
1225 1725 1262 1783 et
1274 1709 1469 1784 Batonibus
1481 1709 1526 1783 de
1539 1709 1654 1808 Wyn-

447 1809 571 1902 chelse,
603 1813 693 1910 Rye,
724 1812 894 1902 Romene,
924 1811 1061 1901 Hethe‚
1092 1813 1269 1901 Dovorre,
1295 1827 1332 1884 et
1347 1810 1530 1899 Ssndwici,
1555 1811 1655 1911 quod

447 1912 566 1986 venire
593 1910 722 1986 faciant
749 1913 807 1986 hic
833 1911 1037 2013 singillatim
1064 1913 1109 1986 de
1138 1912 1298 2013 quolibet
1328 1929 1500 2012 portuum
1517 1911 1655 2011 predic-

446 2031 566 2088 torum
596 2013 642 2129 xij
674 2013 805 2111 probos
837 2029 874 2086 et
906 2012 1033 2114 legales
1068 2013 1228 2087 homines
1260 2013 1305 2087 de
1333 2012 1461 2113 juratis
1494 2014 1654 2110 ipsorum

445 2113 582 2187 essend’
598 2113 654 2187 lnc
671 2139 790 2187 coram
802 2113 900 2188 dicto
913 2114 1071 2188 Custode
1088 2140 1159 2189 una
1175 2139 1255 2189 cum
1271 2114 1378 2188 dictis
1402 2112 1602 2215 Majoribus
1617 2129 1654 2187 et

446 2214 590 2288 Ballivis
618 2215 663 2288 ad
692 2214 882 2313 recipiend’
911 2230 948 2289 et
977 2213 1125 2290 faciend’
1155 2240 1292 2315 eaque
1321 2240 1365 2287 ex
1392 2231 1490 2314 parte
1515 2214 1652 2288 domini

447 2315 554 2414 Regis
581 2316 776 2389 secundum
804 2316 1093 2389 consuetudinem
1112 2315 1220 2390 Curie
1249 2314 1404 2413 predicte
1431 2315 1494 2388 eiis
1521 2312 1653 2389 fuerint

445 2416 666 2591 ilnp'ungend'.
719 2417 928 2516 Preceptum
945 2417 1051 2492 etiam
1069 2415 1139 2490 fuit
1157 2416 1358 2518 Majoribus
1377 2431 1413 2490 et
1439 2415 1582 2489 Ballivis
1607 2415 1653 2489 de

490 2518 655 2618 astinges‚
683 2518 850 2610 Pevense,
880 2516 1081 2607 ffollrstrrne,
1117 2516 1303 2606 ffordwici‚
1339 2533 1376 2591 et
1411 2515 1651 2604 ffsvereslram,

445 2618 543 2719 quod
561 2618 680 2694 venire
698 2617 843 2693 fecerint
862 2618 918 2692 hic
935 2643 1052 2693 coram
1069 2643 1194 2692 eorum
1211 2617 1369 2692 Custode
1385 2617 1589 2718 singillatim
1606 2618 1651 2691 de

470 2718 605 2794 uolibet
630 2721 810 2796 dictorum
837 2736 1008 2820 portuum
1035 2718 1069 2792 ν’
1093 2719 1224 2819 probos
1240 2734 1276 2793 et
1291 2717 1419 2818 legales
1432 2718 1597 2798 homines
1613 2718 1650 2791 in

444 2745 561 2896 lormr
577 2821 743 2920 predicte„
797 2820 871 2918 Qui
898 2845 1022 2895 omnes
1096 2819 1208 2922 ajoros
1235 2835 1270 2894 et
1294 2819 1420 2894 Ballivi
1442 2836 1479 2893 et
1496 2821 1651 2894 Berones

443 2922 604 3012 veniunt,
622 2939 659 2998 et
676 2938 857 2998 retornant
874 2921 1038 2996 mandata
1058 2947 1132 3011 sua,
1150 2937 1185 2996 et
1196 2921 1316 2996 venire
1327 2920 1487 2996 fecerunt
1499 2921 1652 2994 Berones

444 3040 614 3122 portuum
647 3024 888 3123 predictorum
922 3023 959 3096 in
993 3021 1111 3098 forma
1147 3047 1219 3122 qua
1258 3021 1495 3122 subsequitur,
1534 3037 1651 3119 preter

444 3124 598 3198 Ballivos
624 3141 660 3200 et
686 3125 838 3199 Berones
863 3126 910 3199 de
935 3123 1092 3198 Perense
1121 3125 1183 3240 qui
1214 3123 1378 3196 mandata
1409 3147 1473 3196 sua
1501 3122 1650 3195 omnino

444 3251 515 3298 non
551 3240 734 3299 retomant
767 3241 873 3324 prout
906 3224 1105 3298 habuerunt
1138 3250 1175 3296 tn
1215 3223 1408 3298 mandatis:
1464 3223 1509 3296 ad
1551 3223 1649 3321 quod

446 3326 616 3400 Ricardus
642 3325 847 3415 Thurbarn,
864 3324 1022 3400 Bnllivus
1048 3323 1202 3424 capitalis
1232 3324 1363 3397 Portus
1379 3323 1423 3397 de
1440 3323 1651 3423 Hastinges,

442 3425 531 3501 dicit
568 3427 667 3526 quod
691 3427 823 3499 Portus
859 3425 905 3498 de
941 3427 1099 3499 Pevense
1133 3440 1186 3498 est
1216 3423 1416 3498 membrum
1445 3425 1576 3498 Portus
1605 3425 1649 3498 de

445 3526 651 3627 Hastinges,
679 3542 715 3600 et
741 3525 840 3626 quod
868 3525 934 3625 ipsi
962 3526 1007 3600 de
1033 3525 1191 3600 Pevense
1214 3548 1286 3598 non
1310 3541 1475 3599 tenentur
1492 3525 1535 3599 ad
1552 3524 1649 3623 ship-

443 3653 495 3702 we
614 3627 734 3701 venire
770 3626 836 3700 nisi
866 3650 949 3699 cum
977 3627 1093 3700 Portu
1121 3627 1167 3700 de
1197 3625 1406 3726 Hastinges‚
1436 3626 1530 3700 unde
1560 3625 1649 3724 petit

444 3729 472 3801 B
520 3729 620 3802 'vum
646 3744 682 3803 et
709 3729 863 3802 Berones
889 3726 934 3800 de
960 3726 1119 3804 Pevense
1142 3727 1323 3826 predictos
1337 3727 1383 3801 de
1398 3751 1442 3801 eo
1458 3726 1557 3826 quod
1575 3751 1648 3800 non

443 3846 621 3904 retomare
657 3829 820 3904 mandata
855 3827 1026 3926 predicte,
1057 3827 1133 3902 fore
1159 3843 1367 3904 exoneratos
1393 3843 1429 3902 et
1455 3843 1647 3900 excusatos.

444 3931 512 4005 Cui
541 3930 678 4004 dictum
707 3945 772 4019 est,
827 3929 900 4004 uod
929 3955 993 4029 per
1021 3929 1161 4003 diversa
1188 3929 1333 4004 recorda
1354 3944 1408 4003 est
1426 3943 1647 4027 compertum

443 4032 542 4132 quod
567 4032 720 4105 Berones
745 4031 790 4104 de
801 3955 963 4104 levense
980 4029 1172 4104 addictam
1195 4029 1339 4104 Curiam
1354 4029 1541 4103 veniebant
1557 4045 1648 4102 tem-

443 4131 587 4232 poribus
605 4131 786 4206 retroactis
803 4146 874 4205 tam
899 4148 1060 4231 tempore
1085 4156 1159 4231 quo
1183 4130 1351 4205 dominus
1378 4129 1648 4205 Bartholomeus

441 4236 487 4309 de
504 4233 742 4334 Burghersshe
759 4231 888 4308 Custos
904 4233 1083 4306 dictorum
1096 4247 1267 4332 portuum
1284 4230 1409 4324 fuerat,
1458 4257 1539 4305 uam
1558 4246 1648 4303 tem-

442 4334 588 4436 poribus
614 4335 763 4409 aliorum
792 4334 1006 4422 Custodum,
1033 4333 1123 4407 sicut
1149 4348 1186 4408 et
1214 4349 1339 4432 portus
1354 4336 1400 4409 de
1465 4332 1646 4410 veresham
