3700 5260
454 449 526 539 44⁸
815 439 991 515 novsu
1017 437 1292 514 ennarrans

899 637 1216 722 cxxxttt.

839 809 1095 894 aerbruarli,
1118 825 1159 878 10
1184 809 1274 878 Elia.

455 966 544 1043 Hac
570 967 760 1042 indentura
783 981 934 1041 testatur
959 967 1057 1066 quod
1082 991 1163 1054 nos,
1193 965 1354 1039 Thomas
1372 965 1521 1064 Pepper,
1540 965 1662 1038 Maior

454 1068 538 1144 ville
553 1086 591 1143 et
607 1085 732 1166 portus
744 1069 882 1158 Dovor,
893 1067 931 1140 in
945 1067 1127 1143 Comitatu
1140 1065 1283 1158 Kancie,
1300 1065 1477 1140 Robertus
1491 1065 1662 1164 ffynnytt,

456 1170 670 1244 Rowlandus
704 1169 828 1258 Micle,
860 1168 1012 1263 Jacobus
1041 1167 1208 1255 Steward,
1238 1183 1274 1240 et
1303 1167 1464 1241 Thomas
1493 1167 1660 1258 Challice,

456 1271 631 1344 Custodes
649 1271 742 1344 dicte
767 1269 861 1358 ville,
888 1295 958 1342 una
984 1269 1091 1342 animi
1116 1292 1257 1342 assensu
1285 1284 1321 1340 et
1349 1293 1525 1342 concensu
1549 1269 1663 1342 totius

456 1371 695 1446 Comunitatis
718 1371 876 1471 ejusdem
900 1369 985 1444 ville
1009 1369 1247 1460 tradiderunt,
1273 1385 1528 1458 concesserunt,
1556 1384 1593 1441 et
1617 1367 1663 1442 ad

455 1470 552 1546 feodi
581 1473 720 1545 firmam
749 1471 966 1545 demiserunt
1000 1469 1161 1568 predicto
1189 1469 1387 1544 Rowlando
1416 1471 1529 1543 Micle
1555 1493 1662 1543 unam

454 1597 600 1646 vacuam
617 1571 752 1672 peciam
768 1589 860 1646 terre
877 1593 958 1643 cum
973 1569 1139 1643 omnibus
1159 1569 1396 1668 pertinenciis,
1422 1571 1663 1645 continentem

456 1673 503 1774 xij
539 1672 614 1747 fote
646 1697 782 1772 square,
800 1671 984 1845 &centem
1017 1687 1053 1744 et
1086 1672 1293 1745 existentem
1327 1669 1420 1744 infra
1446 1671 1663 1744 Libertatem

456 1773 553 1864 ville,
581 1789 619 1846 et
647 1789 772 1872 portus
838 1796 928 1846 ovor
956 1771 1125 1869 predicte,
1155 1771 1193 1843 in
1222 1771 1375 1870 quadam
1400 1772 1516 1845 warda
1540 1787 1664 1844 vocata

456 1873 599 1974 Shingle
615 1872 761 1964 Warde,
781 1871 874 1945 inter
891 1897 1115 1946 communem
1133 1870 1291 1946 venelarn
1309 1897 1422 1972 usque
1437 1871 1662 1959 southweste,

456 1991 493 2048 et
521 1991 652 2048 terram
687 1972 837 2071 predicti
879 1971 1066 2047 Rowlandi
1102 1973 1214 2046 Micle
1246 1997 1360 2070 usque
1394 1971 1594 2046 northeaste
1628 1986 1664 2044 et

456 2074 667 2162 southeaste,
700 2089 738 2146 et
770 2089 901 2146 terram
933 2073 1077 2146 Thome
1106 2072 1276 2146 Wattson
1305 2097 1416 2187 usque
1441 2071 1661 2147 northwest:

458 2173 627 2250 Habend’
657 2189 693 2246 et
721 2173 865 2247 tenend’
895 2174 1090 2272 predictam
1118 2196 1265 2246 vacuam
1293 2197 1428 2272 peciam
1457 2189 1551 2246 terre
1580 2196 1663 2245 cum

457 2274 622 2350 omnibus
637 2273 709 2346 suis
725 2274 951 2373 pertinenciis
969 2271 1109 2371 prefato
1122 2273 1321 2346 Rowlando
1334 2271 1457 2362 Micle,
1475 2271 1665 2346 heredibus

456 2392 494 2449 et
517 2374 699 2492 assignatis
714 2375 797 2464 suis,
814 2399 834 2447 a
852 2373 959 2447 Festo
986 2374 1101 2447 Sancti
1120 2372 1287 2446 Michelis
1303 2373 1518 2473 Archangeli
1535 2372 1664 2448 ultimo

458 2492 646 2576 preternto
671 2490 751 2550 ante
775 2474 899 2548 datum
924 2473 1150 2572 presentium,
1177 2473 1223 2548 de
1247 2498 1340 2547 anno
1366 2475 1403 2546 in
1429 2499 1562 2548 annum
1589 2499 1664 2547 uno

459 2595 539 2677 post
567 2578 677 2652 alium
707 2599 817 2674 usque
846 2575 889 2648 ad
919 2575 1026 2647 finem
1054 2591 1091 2648 ct
1118 2574 1312 2648 terminum
1329 2574 1473 2648 lmxix
1489 2599 1663 2648 annorum

458 2695 589 2752 extunc
621 2677 864 2774 proximorum
898 2675 1121 2774 sequentium
1163 2691 1199 2748 et
1241 2674 1396 2774 plenarie
1437 2673 1661 2774 complend’:

458 2777 608 2853 faciend’
634 2777 716 2850 inde
741 2776 930 2850 servicium
954 2775 1100 2848 domine
1124 2775 1244 2874 regine
1265 2776 1460 2848 secundum
1477 2791 1663 2849 consuetu·

458 2880 579 2953 dinem
612 2893 738 2974 portus
770 2877 898 2949 Dovor
930 2875 1087 2973 predicte
1128 2899 1210 2948 cum
1250 2875 1439 2950 acciderit:
1483 2900 1522 2950 ac
1554 2876 1663 2948 eciam

459 2977 628 3053 reddend’
658 2993 695 3051 et
722 2976 882 3050 solvend’
913 2976 995 3049 inde
1024 2977 1205 3049 annuatim
1235 2974 1368 3048 Maiori
1391 2991 1428 3048 et
1446 2974 1664 3049 Custodibus

460 3079 554 3154 dicte
582 3076 666 3151 ville
694 3077 757 3176 qui
782 3092 869 3149 tunc
893 3101 959 3174 pro
985 3092 1144 3174 tempore
1161 3073 1294 3148 fuerint
1310 3075 1347 3148 in
1367 3075 1472 3150 Festo
1489 3077 1664 3172 Assump-

460 3179 571 3254 cionis
596 3181 701 3252 Beate
728 3176 845 3250 Marie
862 3175 1020 3276 Virginis
1036 3192 1189 3275 quatuor
1205 3175 1367 3250 denarios
1384 3175 1475 3249 bone
1491 3193 1527 3250 et
1544 3173 1665 3275 legalis

461 3295 602 3355 monete
627 3277 762 3377 Anglie
787 3301 853 3376 pro
877 3276 1018 3349 annuali
1042 3275 1184 3350 reditu:
1212 3275 1262 3348 Et
1278 3275 1307 3348 si
1325 3275 1510 3376 contingat
1527 3276 1661 3374 predic-

460 3398 538 3454 tum
555 3377 738 3453 annualem
751 3377 930 3450 redditum
946 3378 992 3450 de
1008 3377 1078 3450 ivd.
1097 3375 1141 3449 ad
1159 3373 1291 3448 festum
1308 3376 1366 3450 vel
1383 3377 1576 3450 terminum
1588 3401 1664 3474 quo

461 3480 550 3555 solvi
568 3477 693 3553 debeat
710 3503 730 3550 a
745 3493 843 3550 retro
861 3475 938 3549 fore
956 3477 992 3549 in
1009 3493 1107 3575 parte
1124 3477 1180 3548 vel
1199 3476 1235 3549 in
1252 3492 1332 3550 toto
1354 3476 1447 3550 aalma
1471 3478 1664 3550 terminum

486 3579 660 3656 redictum
690 3603 751 3675 per
776 3577 931 3676 spacium
960 3603 1008 3650 xv
1033 3577 1184 3666 dierum,
1201 3575 1359 3676 legitime
1384 3594 1562 3677 rogatum,
1579 3593 1665 3650 tunc

460 3607 599 3755 iicitum
614 3678 683 3753 erit
701 3676 834 3750 Maiori
851 3693 888 3750 et
905 3676 1121 3752 Custodibus
1137 3676 1221 3750 ville
1246 3677 1402 3776 predicte
1418 3679 1480 3778 qui
1497 3695 1583 3752 tunc
1600 3702 1666 3776 pro

460 3798 621 3880 tempore
657 3778 790 3852 fuerint
827 3781 865 3853 in
903 3778 1096 3877 predictam
1126 3802 1271 3851 vacuam
1301 3781 1433 3876 peciam
1463 3794 1556 3852 terre
1584 3801 1665 3852 cum

461 3881 627 3958 omnibus
651 3877 885 3978 pertinenciis,
906 3879 952 3953 ad
976 3903 1215 3978 quascumque
1239 3903 1365 3952 manus
1386 3879 1555 3966 evenerit,
1572 3878 1666 3952 rein·

461 4001 565 4074 trare,
582 3979 757 4068 rehabere,
773 3995 809 4052 et
834 3979 976 4076 pacifice
996 3977 1149 4079 gaudere
1174 3995 1215 4052 ut
1239 3979 1276 4051 in
1301 3995 1398 4053 statu
1423 4003 1489 4054 suo
1505 3978 1668 4077 pristino,

462 4109 501 4160 ac
539 4081 739 4181 predictum
769 4078 1004 4153 Rowlandum
1034 4077 1159 4166 Micle,
1181 4093 1218 4151 et
1243 4077 1438 4179 assignatos
1463 4103 1557 4168 suos,
1583 4079 1668 4154 inde
