3722 5278
451 495 496 572 26
810 491 984 568 DOVER
1012 489 1289 566 CHARTERS

977 789 1133 872 x111.

821 958 845 1004 v
864 939 1033 1020 Augusti.
1057 952 1097 1019 13
1118 937 1220 1006 Edu.
1244 937 1271 1003 I.

450 1090 677 1165 Euwnauus
703 1089 760 1162 dei
785 1088 901 1188 gracia
929 1089 1005 1160 Rex
1030 1087 1180 1187 Anglie,
1202 1085 1382 1158 Dominus
1420 1084 1597 1158 Hibernie
1621 1102 1657 1157 et

449 1195 535 1265 Dux
567 1189 774 1291 Aquitanie,
810 1188 943 1263 dilecto
977 1185 1146 1262 servienti
1180 1185 1217 1260 in
1251 1185 1408 1274 Christo,
1441 1183 1575 1259 Abbati
1613 1185 1659 1258 de

450 1289 885 1366 ffaversham-Salutem,
938 1287 1036 1386 Quia
1063 1313 1108 1361 ex
1136 1287 1278 1387 querela
1306 1287 1488 1360 Beronum
1516 1301 1659 1360 nostro-

447 1419 529 1467 rum
559 1393 604 1467 de
631 1391 859 1466 ffaveresham
888 1389 1086 1488 accepimus
1115 1389 1214 1488 quod
1239 1412 1305 1464 vos
1329 1404 1366 1461 et
1399 1386 1519 1461 ballivi
1543 1387 1656 1463 vestri

448 1495 493 1569 de
511 1493 739 1568 ffaveresharn
756 1509 898 1567 nostros
914 1491 1069 1564 Barones
1084 1490 1130 1565 ad
1147 1489 1292 1564 servicia
1308 1487 1465 1564 indebita
1481 1503 1517 1562 et
1534 1487 1659 1561 incon·

448 1611 549 1671 sueta
581 1593 684 1669 vobis
720 1591 869 1668 faciend’
902 1592 1059 1694 graviter
1096 1589 1320 1690 distringitis,
1354 1605 1390 1663 et
1425 1612 1501 1679 vos,
1535 1603 1658 1662 contra

448 1694 627 1796 quandam
652 1695 950 1794 composicionem
976 1693 1114 1767 dudum
1137 1692 1317 1767 intervos
1341 1705 1379 1764 et
1400 1689 1496 1788 ipsos
1520 1688 1657 1780 initam,

448 1795 654 1898 inquietatis
679 1793 925 1895 multipliciter
949 1809 986 1867 et
1011 1791 1168 1894 gravatis
1190 1793 1308 1866 minus
1327 1791 1425 1892 juste
1442 1790 1480 1864 in
1497 1789 1658 1890 ipsorum

449 1900 630 1971 Baronum
663 1895 890 1996 dispendium
933 1919 1005 1968 non
1045 1894 1225 1968 modicum
1265 1909 1301 1966 et
1342 1916 1544 1992 gravamen,
1578 1890 1658 1964 Nos

450 2001 609 2072 nolentes
641 1997 742 2097 quod
775 1996 907 2072 eisdem
950 1993 1148 2070 Batonibus
1180 1993 1357 2096 injurietis
1391 1993 1429 2068 in
1461 1993 1526 2065 hac
1560 2009 1658 2092 parre

450 2098 551 2172 vobis
576 2099 796 2188 mandamus,
813 2097 906 2170 sicut
930 2095 1060 2195 pluries
1085 2094 1341 2182 mandavimus,
1363 2093 1513 2167 firmiter
1538 2093 1659 2195 injun-

448 2216 573 2299 gentes
599 2198 699 2299 quod
727 2197 770 2272 ab
797 2197 1002 2299 hujusmodi
1037 2193 1279 2270 exaccionibus
1306 2212 1344 2269 et
1372 2192 1659 2268 districcionibus

449 2299 616 2375 indebitis
632 2298 851 2398 prefatorum
869 2299 1049 2372 Baronum
1072 2313 1196 2372 contra
1212 2295 1343 2370 dictam
1360 2295 1658 2394 composicionem

449 2402 494 2475 de
524 2417 641 2475 cetero
670 2398 841 2474 inferend’
868 2399 1008 2499 penitus
1034 2397 1219 2485 desistatis,
1254 2412 1291 2471 et
1318 2395 1466 2471 ballivos
1491 2396 1658 2470 desistere

450 2501 597 2594 faciatis,
610 2500 758 2575 eandem
775 2499 1072 2600 composicionem
1082 2498 1188 2599 juxta
1203 2513 1364 2572 tenorem
1376 2496 1534 2598 ejusdem
1552 2514 1659 2597 prout

445 2603 586 2705 justum
619 2601 727 2675 fuerit
760 2599 984 2675 observantes
1013 2599 1118 2702 juxta
1141 2615 1302 2673 tenorem
1328 2597 1480 2672 aliortun
1513 2598 1659 2673 manda-

450 2723 573 2779 torum
596 2718 800 2777 nostrorum
824 2726 896 2875 rpus
921 2701 1004 2776 inde
1029 2699 1231 2799 recepistis:
1263 2716 1298 2774 et
1323 2698 1584 2774 districcionem
1609 2701 1659 2772 eis

449 2803 629 2880 occasione
644 2803 802 2903 predicta
845 2817 957 2877 actam
982 2801 1058 2876 sine
1079 2800 1250 2876 dilatione
1266 2798 1426 2876 relaxetis
1441 2800 1586 2891 eisdem,
1605 2800 1660 2874 Ita

450 2907 548 3006 quod
566 2907 698 2981 clamor
714 2904 759 2979 ad
777 2929 843 2978 nos
859 2904 942 2979 inde
959 2928 1032 2978 non
1057 2902 1240 3001 perveniat
1260 2901 1417 2994 iteratus,
1437 2901 1493 2976 vel
1509 2925 1574 2976 vos
1591 2900 1657 3000 ipsi

449 3007 527 3081 sitis
544 3031 661 3081 eoram
678 3006 780 3080 nobis
797 3033 817 3080 a
833 3006 891 3081 die
907 3005 1022 3080 Sancti
1037 3004 1224 3079 Michaelis
1239 3003 1277 3076 in
1294 3029 1341 3080 xv
1355 3003 1430 3077 dies
1442 3001 1587 3076 ubicum
1614 3028 1658 3075 ue

451 3125 535 3183 tunc
559 3107 732 3182 fuerimus
757 3107 794 3180 in
818 3106 953 3206 Anglia
975 3106 1019 3182 ad
1041 3103 1277 3206 respondend’
1294 3102 1439 3202 prefatis
1463 3028 1659 3178 Batonibus

450 3210 496 3284 de
514 3208 653 3310 injustis
668 3208 913 3282 exaccionibus
930 3224 973 3292 ,et
998 3205 1281 3281 districcionibus
1307 3203 1485 3303 predictis,
1503 3221 1539 3278 et
1558 3202 1659 3278 nobis

450 3335 558 3410 quare
591 3307 756 3383 mandata
788 3324 908 3383 nostra
940 3307 1074 3384 tociens
1111 3306 1194 3380 inde
1226 3303 1329 3381 robis
1362 3304 1496 3380 directa
1531 3306 1657 3406 exequi

450 3408 659 3486 distulistis:
686 3424 723 3483 et
748 3407 904 3482 habeatis
929 3407 977 3482 ibi
1003 3408 1072 3484 hoc
1097 3406 1214 3482 breve.

527 3509 635 3584 Teste
665 3534 722 3584 me
746 3509 826 3610 ipso
851 3509 947 3608 apud
970 3507 1212 3584 Wolvemere
1230 3519 1267 3578 v⁰
1295 3504 1354 3581 die
1379 3505 1537 3608 Augusti
1564 3533 1658 3582 armo

449 3612 550 3716 regni
576 3611 689 3687 nostri
714 3611 824 3685 tercio
849 3610 998 3686 decimo.
1543 3607 1546 3614 ’
