3738 5304
424 477 497 549 310
783 447 964 522 DOVER
991 445 1269 522 CHARTERS

421 660 513 734 datis
542 681 647 756 super
677 655 884 729 vendicione
915 653 1057 728 illicita:
1099 653 1250 728 Necnon
1280 681 1404 729 omnes
1440 674 1476 730 et
1515 657 1632 730 omni·

422 761 545 834 modas
562 757 741 846 falsitates,
758 757 995 856 decepciones,
1016 755 1179 844 offensas,
1205 756 1242 828 in
1271 754 1405 831 factura
1432 782 1631 857 pannorum

421 861 616 947 laneorum,
649 876 686 932 et
720 859 756 931 in
790 857 1007 930 extraccione
1041 857 1078 930 in
1112 857 1299 931 latitudine
1333 875 1369 931 et
1406 859 1631 959 longitudine

420 962 628 1048 eorundem,
663 985 701 1032 ac
735 983 859 1032 omnes
895 956 1074 1046 falsitates,
1115 958 1355 1057 decepciones,
1398 959 1560 1049 offensas,
1595 975 1631 1032 et

423 1061 663 1160 misprisiones
692 1083 826 1159 pannos
855 1057 974 1132 laneos
1002 1075 1261 1148 concernentes,
1298 1085 1336 1133 ac
1365 1062 1567 1159 empciones
1595 1077 1631 1134 et

423 1163 648 1238 vendiciones
671 1185 979 1260 quorumcumque
1005 1161 1187 1234 laneorum
1213 1185 1411 1258 pannorum
1439 1187 1509 1234 non
1535 1161 1631 1260 sigil-

423 1265 589 1352 latorum
623 1263 679 1335 vel
710 1288 781 1335 non
811 1261 1038 1334 existentium
1067 1262 1112 1335 de
1141 1277 1214 1335 tam
1245 1260 1337 1334 bona
1369 1260 1505 1336 factura
1542 1263 1632 1336 sicut

423 1383 538 1439 essent
555 1379 616 1438 aut
632 1362 813 1450 deberent,
831 1388 894 1462 per
910 1361 1062 1436 formam
1079 1363 1280 1461 aliquorum
1309 1379 1525 1437 statutorum
1551 1364 1633 1436 inde

424 1469 603 1541 editorum
632 1489 670 1538 sc
698 1488 759 1562 per
786 1464 1078 1537 consuetudinem
1104 1479 1141 1536 et
1167 1462 1281 1562 legem
1308 1479 1414 1553 terre,
1431 1466 1488 1537 vel
1507 1465 1630 1538 aliter:

426 1571 482 1641 Ac
512 1591 635 1641 omnes
664 1581 700 1638 et
729 1563 953 1638 omnimodas
982 1564 1181 1662 empciones
1207 1580 1243 1638 et
1277 1565 1502 1638 vendiciones
1528 1590 1634 1664 quas-

427 1693 579 1768 cumque
608 1666 770 1741 omnium
800 1667 966 1738 vinorum
997 1664 1157 1738 oleorum
1188 1665 1392 1739 victualium
1422 1683 1458 1740 ct
1487 1667 1633 1740 aliarum

428 1768 720 1843 mercandisarum
739 1793 811 1839 non
829 1782 1092 1867 gaugeatarum,
1110 1783 1146 1840 et
1163 1767 1386 1840 detenciones
1412 1784 1449 1840 et
1475 1766 1636 1841 forisfac-

426 1889 523 1946 turas
539 1869 745 1956 eorundem,
764 1891 825 1965 per
843 1869 938 1965 ipsos
958 1867 1148 1967 Majorem‚
1166 1866 1354 1958 Ballivum,
1372 1883 1409 1940 et
1424 1869 1636 1941 Communi-

427 1987 534 2045 tatem
564 1985 645 2044 ante
674 1967 874 2067 predictum
903 1967 998 2042 diem
1028 1969 1332 2068 qualitercumque
1360 1985 1396 2042 et
1434 1970 1636 2069 quosciens-

427 2095 580 2170 cumque
613 2068 705 2144 facta
737 2067 855 2142 habits
886 2069 1072 2142 commissa
1104 2069 1178 2142 sive
1220 2087 1440 2168 perpetrata:
1486 2071 1635 2144 Necnon

425 2171 701 2270 eskippaciones,
739 2169 1008 2258 conducciones,
1046 2169 1270 2244 inducciones
1307 2172 1352 2245 ad
1389 2188 1510 2261 terras,
1541 2171 1638 2270 posi-

427 2274 556 2360 ciones,
590 2271 843 2358 traducciones,
876 2270 1095 2361 educciones,
1132 2273 1399 2370 asportaciones,
1443 2289 1479 2344 et
1522 2289 1637 2346 trans-

428 2375 648 2472 portaciones
685 2396 994 2470 quorumcumque
1032 2371 1207 2445 bonorum
1246 2388 1282 2445 et
1320 2371 1525 2446 catallorum
1561 2373 1635 2445 auri

427 2475 561 2575 argenti
577 2473 632 2546 vel
648 2473 798 2546 aliorum
817 2471 1129 2546 mercimoniorum
1152 2473 1452 2547 mercandizarum
1469 2488 1505 2546 et
1517 2499 1635 2546 rerum

429 2599 746 2675 quarumcumque,
764 2589 836 2646 tam
864 2572 907 2646 sb
930 2573 998 2646 hoc
1025 2597 1135 2673 regno
1153 2574 1295 2673 Anglie‚
1312 2573 1396 2649 villa
1414 2575 1526 2662 Cales,
1544 2591 1638 2647 terra

430 2677 618 2765 Hibernie,
636 2690 671 2748 et
691 2673 863 2748 Marchiis
880 2673 1022 2762 Wallie,
1038 2675 1095 2747 vel
1113 2673 1204 2764 alibi,
1222 2675 1259 2748 in
1277 2699 1427 2774 regnum
1451 2675 1560 2748 Dacie
1581 2674 1638 2747 vel

428 2779 471 2851 ad
498 2779 580 2852 alias
607 2791 723 2874 partes
748 2777 994 2849 transmarinas
1020 2800 1270 2874 quascumque,
1298 2801 1407 2874 quam
1434 2802 1454 2848 a
1481 2774 1638 2875 partibus

430 2878 559 2968 lsland,
596 2877 798 2976 Norwegie,
833 2893 869 2949 et
904 2875 979 2949 aliis
1016 2875 1174 2975 partibus
1209 2877 1448 2950 transmarinis
1490 2876 1638 2976 quibus-

429 3005 594 3079 cumque,
613 2979 648 3051 in
666 2979 733 3050 hoc
750 3002 900 3077 regnum
919 2993 1080 3050 nostrum
1095 2976 1235 3076 Anglie‚
1249 2977 1368 3050 villam
1382 2977 1492 3066 Cales,
1508 2994 1637 3050 terram

430 3080 620 3168 Hibernie,
638 3077 693 3151 vel
713 3077 891 3152 Marchias
916 3078 1058 3167 Wallie,
1083 3103 1145 3149 seu
1170 3075 1278 3166 alibi;
1304 3103 1343 3150 ac
1369 3079 1594 3152 inducciones
1620 3105 1640 3150 a

430 3182 588 3280 partibus
629 3179 783 3252 externis
824 3194 860 3252 et
902 3179 1140 3251 transmarinis
1177 3177 1457 3278 quibuscumque
1496 3180 1533 3252 in
1572 3180 1639 3252 hoc

430 3306 581 3381 regnum
600 3296 763 3354 nostrum
783 3279 913 3377 Anglie
930 3303 1237 3377 quorumcumque
1248 3279 1490 3368 ribandorum,
1503 3281 1641 3353 cinctu-

430 3407 561 3470 rarum,
592 3383 798 3471 cericorum,
829 3380 991 3477 piscium,
1018 3405 1079 3452 seu
1106 3379 1252 3454 aliarum
1280 3380 1575 3454 mercandisarum
1604 3397 1639 3454 et

431 3507 550 3554 rerum
594 3506 869 3580 uarumcumque
886 3481 931 3552 ad
950 3482 1134 3570 vendend’‚
1144 3499 1179 3556 et
1193 3482 1416 3555 detenciones
1432 3483 1638 3570 eorundem,

430 3608 470 3655 sc
486 3507 736 3670 fonslacturas,
752 3598 789 3654 et
811 3579 947 3656 valores
964 3582 1172 3670 eorundem,
1199 3608 1238 3655 ac
1265 3583 1488 3656 omnimodas
1514 3582 1640 3680 decep-

431 3685 560 3773 ciones,
577 3683 880 3782 transgressiones,
897 3699 933 3756 et
950 3681 1101 3756 offensas
1117 3685 1161 3758 de
1188 3699 1249 3756 aut
1274 3708 1342 3782 pro
1367 3681 1462 3757 falsis
1488 3683 1641 3782 ponder-

431 3783 511 3858 ibus
521 3801 557 3858 et
567 3785 740 3858 mensuris
749 3782 1031 3883 quibuscumque
1047 3812 1055 3857 :
1081 3785 1230 3857 Necnon
1245 3785 1468 3859 omnimodas
1479 3784 1638 3873 offensas,

431 3885 730 3984 transgressiones,
766 3883 1017 3974 forisfacturas,
1055 3883 1151 3972 fines,
1189 3909 1306 3982 penas,
1342 3903 1379 3959 et
1416 3902 1640 3983 contemptus

431 4003 553 4058 contra
585 3983 737 4058 formam
767 3986 1048 4073 ordinacionum‚
1075 3999 1111 4058 et
1140 3984 1304 4058 effectum
1332 4011 1639 4085 quorumcumque

430 4103 659 4175 statutorum,
677 4103 835 4174 actuum,
853 4085 1132 4173 ordinacionum‚
1149 4085 1223 4158 sive
1246 4087 1489 4185 provisionum
1516 4103 1640 4160 contra

432 4189 609 4261 usurarios
625 4204 661 4259 et
678 4211 862 4260 usurarum
880 4203 1139 4286 purpresturas,
1158 4188 1357 4288 regratsria,
1376 4205 1412 4261 et
1432 4184 1641 4262 forstallaria

430 4290 485 4362 vel
498 4303 683 4386 corruptas
693 4287 864 4360 indebitas
874 4303 936 4362 aut
954 4288 1092 4361 illicitas
1110 4287 1291 4390 barganias
1303 4289 1376 4363 sive
1388 4290 1638 4380 chevesancias,
