3716 5290
465 452 539 527 320
826 431 1007 510 novun
1034 434 1312 510 ennarrans

525 635 617 708 ciose
655 661 791 709 necnon
830 637 866 708 in
904 635 1095 710 utilitatem
1131 652 1168 709 et
1193 635 1402 710 beneficium
1429 636 1672 734 predictorum

461 659 654 835 iiljorem
672 736 862 826 Ballivum,
875 753 911 810 et
925 735 1231 811 Communitatem
1245 754 1479 835 exponantur,
1492 737 1674 811 declaren-

461 851 533 925 tur,
565 836 853 936 interpretentur,
883 853 919 910 et
948 837 1196 938 adjudicentur
1225 853 1261 911 et
1290 837 1462 912 usualiter
1501 865 1564 911 nec
1602 839 1672 912 alio

462 895 582 1025 modo,
600 939 759 1036 eoquod
778 963 937 1037 expressa
954 939 1092 1012 mencio
1108 938 1152 1011 de
1170 963 1257 1012 vero
1274 939 1393 1014 valore
1410 963 1530 1012 annuo
1546 965 1608 1013 seu
1625 939 1671 1012 de

460 1036 580 1136 aliquo
597 1036 666 1111 alio
682 1039 812 1124 valore,
830 1055 892 1112 aut
905 1039 949 1112 de
963 1038 1176 1113 certitudine
1190 1040 1455 1138 premissorum,
1468 1065 1532 1113 seu
1545 1065 1670 1112 eorum

460 1137 620 1255 alicujus,
637 1156 699 1213 aut
715 1141 761 1214 de
772 1139 847 1212 aliis
857 1139 998 1213 donis
973 1165 1047 1213 sive
1057 1139 1352 1228 concessionibus,
1365 1139 1510 1240 prefatis
1524 1139 1669 1242 Majori,

462 1237 609 1328 Ballivo‚
643 1255 679 1312 et
714 1239 976 1314 communitati
1012 1265 1073 1339 per
1106 1267 1181 1330 nos,
1215 1266 1279 1315 seu
1309 1265 1372 1340 per
1401 1241 1557 1340 aliquem
1587 1265 1671 1340 pro-

459 1339 663 1456 genitorum
700 1340 775 1414 sive
813 1341 1101 1439 predecessorum
1141 1357 1357 1432 nostrorum,
1396 1358 1476 1416 ante
1513 1341 1669 1415 eundem

460 1441 670 1514 vicesimum
704 1441 854 1516 tercium
888 1441 986 1516 diem
1019 1441 1207 1542 Aprilis,
1199 1469 1235 1516 1n
1270 1442 1490 1541 presentibus
1525 1442 1671 1516 minime

460 1539 550 1615 facta
580 1541 710 1630 existit,
741 1558 803 1617 aut
831 1541 952 1642 aliquo
980 1559 1127 1631 statuto,
1157 1559 1250 1632 actu,
1281 1543 1516 1630 ordinacione,
1548 1545 1670 1658 provi-

460 1642 570 1732 sione,
587 1669 651 1717 seu
669 1643 890 1717 restriccione
908 1644 1029 1718 inde
1021 1645 1275 1719 incontrarium
1305 1642 1420 1731 fectis,
1448 1643 1565 1730 editis,
1595 1643 1669 1717 sive

460 1743 641 1834 ordinatis,
659 1760 720 1818 aut
737 1743 854 1843 aliqua
866 1744 932 1818 alia
943 1745 1091 1819 materia
1103 1771 1142 1818 re
1161 1747 1215 1819 vel
1233 1771 1334 1820 causa
1351 1771 1578 1845 quacumque
1597 1771 1668 1817 non

460 1843 632 1920 obstante.

536 1945 577 2018 ln
595 1945 697 2046 cujus
713 1945 762 2019 rei
780 1945 1025 2021 testimonium
1042 1947 1105 2020 has
1121 1945 1254 2020 litteras
1271 1963 1407 2021 nostras
1423 1946 1498 2020 fieri
1520 1945 1669 2020 fecimus

459 2061 626 2144 patentes.

534 2148 642 2222 Teste
660 2171 716 2220 me
746 2147 824 2246 ipso
852 2148 947 2262 apud
978 2148 1335 2223 westmonasterium
1365 2148 1581 2223 duodecimo
1609 2148 1669 2222 die

459 2246 637 2322 ffebruarii
664 2273 758 2322 anno
782 2247 881 2347 regni
909 2248 1017 2322 nostri
1045 2248 1164 2324 tercio.

536 2447 653 2544 [Per
639 2467 740 2542 ipsum
768 2471 884 2544 regem.
940 2448 1092 2545 Waren.]
