3726 5256
451 483 497 580 76
810 481 987 556 noves
1013 481 1292 559 cnnnrsss

449 685 615 763 omnibus
640 705 764 761 eatan
790 684 932 760 entibus
958 683 1126 760 haberent
1152 684 1209 760 hic
1236 683 1305 760 sub
1332 685 1457 786 sigillis
1477 713 1604 763 eorum
1621 706 1657 764 et

448 787 571 889 sigillis
596 805 752 889 quatuor
765 711 943 888 legalium
966 788 1153 862 hominum
1172 786 1235 888 qui
1253 788 1401 863 recordo
1418 787 1470 861 illi
1488 788 1659 864 interfue-

445 907 543 979 runt,
569 905 634 964 etc.
686 887 737 962 Et
768 888 891 989 Major
916 904 951 963 et
977 887 1136 962 Ballivus
1160 889 1206 963 de
1235 888 1416 964 Sandwico
1443 891 1592 964 veniunt
1621 909 1658 965 et

448 1004 631 1065 retornant
655 989 862 1064 mandatum
887 1013 995 1063 suum
1018 989 1054 1064 in
1078 989 1142 1063 hac
1159 987 1285 1079 forma,
1303 1006 1405 1064 tenor
1422 1005 1457 1064 et
1474 1016 1658 1090 processus

446 1091 483 1166 in
500 1092 570 1167 hoc
586 1090 755 1166 mandato
770 1107 893 1190 patent
910 1089 948 1165 in
965 1090 1089 1166 cedula
1105 1090 1189 1165 huic
1205 1092 1371 1166 mandato
1387 1108 1537 1166 consuta
1551 1109 1617 1168 etc.

446 1441 578 1518 Placita
607 1459 705 1518 tenta
734 1443 778 1518 ad
808 1442 1005 1517 Ecclesiam
1031 1443 1148 1518 Sancti
1175 1444 1296 1538 Jacobi
1323 1444 1370 1517 de
1395 1446 1571 1537 Dovorra,
1598 1445 1656 1518 die

492 1568 594 1664 Jovis
610 1570 775 1668 proximo
791 1583 872 1644 ante
890 1567 1023 1643 festum
1041 1569 1155 1644 Sancti
1175 1569 1324 1670 Georgii
1344 1569 1518 1657 Martiris,
1536 1595 1654 1644 coram

494 1695 747 1785 Locotenente,
765 1710 846 1784 etc,
863 1719 968 1784 anno,
985 1711 1055 1770 etc.

520 1993 554 2066 Si
572 1992 646 2090 ipse
671 1991 825 2092 aliquem
844 2017 970 2066 navem
987 1991 1032 2065 de
1048 1994 1214 2066 Dovorra
1230 1995 1325 2090 apud
1344 1991 1471 2092 Caleys
1487 1990 1653 2066 arestavit

662 2109 785 2167 contra
812 2092 991 2166 libertates
1019 2109 1056 2166 et
1089 2094 1364 2168 consuetudines
1397 2093 1441 2166 V.
1475 2092 1653 2166 Portuum

446 2195 607 2292 Recuper.
663 2209 886 2291 compertum
937 2209 990 2266 est
1041 2218 1103 2291 per
1154 2194 1242 2266 hanc
1292 2193 1563 2295 inquisicionem
1610 2193 1653 2267 de

447 2321 479 2368 x.
501 2295 539 2367 lr'.
664 2295 837 2409 Dovorra·
857 2293 893 2366 in
921 2319 1029 2394 quam
1054 2294 1233 2388 Johannes
1259 2294 1387 2368 Girold
1414 2295 1459 2368 de
1489 2296 1654 2368 Dovorra

448 2495 620 2587 Coumbe,
663 2396 1078 2584 sshopniimtl’larilelisllceit
1105 2420 1199 2570 llpeetii
1218 2396 1654 2586 silcorilcrltiiillmpeiiiodd

447 2596 607 2686 Petham,
621 2595 796 2691 Johannis
813 2598 893 2670 Den
919 2596 1116 2686 s,Henrici
1139 2597 1313 2684 Marchal,
1338 2597 1491 2671 Simonis
1517 2595 1651 2685 Cobbe,

447 2699 589 2772 Thome
638 2696 838 2787 Swinefeld,
882 2623 1054 2792 iohannis
1095 2698 1239 2789 Bakere,
1287 2698 1461 2771 Willelmi
1503 2698 1650 2795 Trippe,

444 2797 617 2893 Johannis
653 2800 798 2889 Huntc,
828 2814 864 2871 et
898 2797 1069 2871 Willelmi
1108 2799 1252 2898 Lyoun,
1286 2800 1350 2899 qui
1388 2798 1514 2875 dicunt
1546 2823 1651 2896 super

447 2915 702 2974 sacramentum
728 2924 835 2973 suum
863 2899 962 3000 quod
988 2899 1167 2994 Johannes
1193 2899 1321 2975 Girold
1348 2899 1512 2974 arestavit
1529 2925 1651 2999 quam-

445 3000 527 3074 dam
546 3026 670 3075 navem
689 2999 830 3075 Ricardi
847 3000 998 3074 Archier
1014 3000 1061 3074 de
1078 3003 1244 3075 Dovorra
1265 3001 1360 3099 apud
1385 3000 1512 3099 Caleys
1529 3017 1653 3073 contra

445 3100 624 3176 libertates
665 3117 701 3175 ct
743 3102 1019 3176 consuetudines
1056 3101 1216 3202 quinque
1255 3117 1452 3200 portuum;
1488 3101 1538 3173 Et
1567 3101 1652 3200 quia

444 3218 614 3278 testatum
641 3217 694 3276 est
723 3227 785 3301 per
812 3202 1042 3303 quamplures
1070 3201 1229 3303 Majores
1256 3201 1410 3275 Ballivos
1436 3217 1472 3273 et
1496 3201 1650 3274 Barones

444 3319 616 3401 portuum
646 3303 889 3400 predictorum
919 3303 957 3376 in
987 3301 1094 3376 Curia
1125 3318 1303 3400 presentes
1332 3301 1431 3402 quod
1461 3303 1533 3398 ipse
1566 3301 1650 3401 jure

444 3419 586 3478 tenetur
603 3405 739 3476 solvere
757 3403 910 3477 Custodi
927 3404 1086 3503 quinque
1099 3419 1271 3501 portuum
1289 3427 1320 3476 x.
1341 3401 1458 3491 libras,
1476 3427 1538 3475 nec
1556 3401 1650 3475 idem

444 3505 622 3599 Johannes
652 3502 721 3579 hoc
752 3504 899 3578 ulterius
922 3503 1085 3578 dedicere
1114 3503 1235 3600 possit.
1288 3503 1373 3577 Ideo
1390 3503 1650 3577 consideratum

604 3619 658 3679 est
698 3606 799 3705 quod
841 3602 935 3677 idem
976 3604 1156 3698 Johannes
1198 3604 1312 3678 solvat
1354 3629 1420 3702 pro
1459 3602 1522 3677 illo
1556 3602 1651 3678 facto

445 3707 552 3780 Finis.
607 3705 761 3780 Custodi
778 3704 950 3806 Quinque
967 3704 1147 3779 Portuum
1164 3730 1197 3778 x.
1215 3703 1343 3782 libras:
1369 3705 1419 3778 Et
1441 3704 1542 3805 quod
1555 3704 1648 3778 idem

605 3806 785 3902 Johannes
797 3805 901 3881 faciat
913 3806 1020 3880 finem
1037 3831 1104 3906 pro
1119 3821 1329 3905 contemptu
1344 3806 1560 3906 supradicto,
1577 3831 1649 3905 que

443 3907 591 4006 ponitur
607 3908 644 3982 in
661 3923 835 4008 respectu.

519 4010 570 4083 Et
607 4025 691 4084 sunt
733 4007 841 4109 plegii
878 4007 966 4084 dicti
1003 4009 1182 4103 Johanncs
1215 4008 1260 4082 de
1298 4033 1332 4081 x.
1362 4006 1399 4082 li.
1440 4007 1650 4107 supradictis

443 4108 595 4185 Custodi
613 4109 741 4184 solutis
1170 4111 1299 4184 Petrus
1320 4108 1448 4200 Reade

1168 4211 1328 4284 Thomas
1343 4212 1499 4309 Monyn‚

1168 4312 1365 4388 Nicholaus
1381 4329 1453 4388 atte
1476 4310 1596 4388 Helle.
