3722 5278
776 502 956 578 DOVER
984 501 1263 578 CHARTERS

962 797 965 803 ’
1001 803 1091 884 XI.

863 999 887 1045 v
902 979 1000 1053 Maii,
1018 993 1058 1060 13
1072 976 1173 1046 Edw.
1190 996 1218 1046 1.

437 1135 664 1208 Eownauus
687 1133 744 1208 dei
762 1133 887 1234 gracia,
914 1150 995 1222 etc,
1024 1131 1167 1228 dilecto,
1196 1151 1261 1208 etc.
1314 1134 1413 1234 Quia
1438 1161 1481 1208 ex
1507 1136 1650 1235 querela

438 1236 617 1310 Baronum
644 1251 849 1310 nostrorum
867 1236 912 1310 de
941 1234 1169 1310 ffaveresham
1187 1235 1384 1334 accepimus
1408 1236 1507 1336 quod
1524 1260 1589 1310 vos
1612 1251 1648 1308 et

438 1335 565 1410 Ballivi
583 1337 690 1411 vestri
708 1337 840 1410 ibidem
858 1338 953 1435 ipsos
971 1338 1125 1410 Berones
1142 1337 1187 1410 ad
1204 1338 1350 1410 servicia
1374 1335 1531 1410 indebita
1548 1334 1649 1410 vobis

438 1435 589 1512 faciend‘
615 1439 772 1539 graviter
798 1437 1022 1539 distringitis,
1039 1454 1075 1512 et
1100 1461 1177 1528 vos,
1196 1453 1320 1512 contra
1344 1436 1523 1538 quandam
1549 1461 1649 1511 com-

439 1537 656 1637 posicionem
667 1541 759 1613 inter
772 1539 979 1637 vos*ipsos
991 1540 1127 1626 initam,
1138 1539 1345 1638 inquietatis
1357 1554 1393 1613 et
1404 1537 1649 1638 multipliciter

437 1641 591 1738 gravatis
618 1641 847 1740 minusjuste
864 1639 901 1712 in
928 1640 1086 1738 ipsorum
1114 1641 1293 1714 Baronum
1323 1639 1549 1737 dispendium
1578 1664 1648 1712 non

438 1742 620 1816 modicum
653 1758 689 1815 et
723 1765 936 1841 gravamen:
982 1741 1060 1815 Nos
1094 1740 1226 1814 eisdem
1261 1739 1459 1815 Batonibus
1497 1740 1648 1841 injurare

438 1842 597 1916 nolentes
630 1843 666 1914 in
702 1842 766 1914 hac
799 1857 899 1940 parte
928 1840 1030 1915 vobis
1064 1843 1282 1933 mandamus,
1317 1843 1408 1916 sicut
1432 1842 1516 1916 alias
1550 1867 1651 1915 man-

437 1943 613 2032 davimus,
630 1944 731 2044 quod
748 1940 793 2016 ab
810 1943 1014 2044 hujusmodi
1032 1942 1316 2017 districcionibus
1333 1959 1369 2018 et
1385 1942 1649 2042 gravaminibus

437 2044 474 2116 in
493 2042 621 2118 debitis
633 2042 854 2143 prefatorum
873 2045 1051 2116 baronum
1069 2059 1191 2117 contra
1207 2043 1338 2118 dictam
1353 2045 1648 2142 composicionem

438 2145 484 2218 de
511 2160 627 2218 cetero
662 2142 835 2218 inferend’
869 2144 1057 2232 desistatis,
1092 2161 1127 2217 et
1162 2144 1311 2219 ballivos
1345 2161 1483 2220 vestros
1517 2144 1649 2218 ibidem

438 2245 605 2319 desistere
635 2243 781 2337 faciatis,
810 2246 1005 2344 predictam
1030 2246 1330 2346 composicionem
1353 2246 1468 2348 juxta
1487 2261 1648 2320 tenorem

439 2346 636 2446 eju[sdem]
665 2363 775 2446 prout
794 2347 935 2448 justum
961 2344 1071 2420 fuerit
1100 2345 1337 2435 observantes,
1358 2347 1463 2447 juxta
1488 2362 1648 2421 tenorem

440 2448 583 2521 alterius
602 2449 756 2522 mandati
776 2448 888 2521 nostri
905 2449 1003 2547 quod
1020 2446 1103 2521 inde
1120 2448 1311 2546 recepistis,
1330 2447 1384 2520 Ita
1400 2449 1498 2548 quod
1515 2448 1648 2522 clamor

438 2548 482 2621 ad
500 2573 565 2622 nos
582 2549 663 2624 inde
681 2574 750 2622 non
777 2549 958 2647 perveniat
976 2549 1121 2622 iteratus
1138 2573 1200 2648 per
1216 2549 1317 2650 quod
1336 2548 1386 2621 eis
1402 2549 1546 2623 alterius
1557 2549 1649 2649 juris

437 2651 594 2725 remedio
627 2675 732 2748 super
760 2652 827 2724 hoc
856 2649 1045 2724 subvenire
1071 2649 1273 2738 debeamus,
1301 2650 1357 2722 vel
1384 2674 1521 2724 causam
1546 2649 1648 2724 nobis

437 2749 642 2851 significetis
667 2776 775 2850 quare
801 2750 971 2851 premissa
994 2749 1109 2825 facere
1136 2777 1207 2825 non
1233 2750 1399 2826 debeatis.

513 2853 623 2925 Teste
641 2877 696 2926 me
722 2853 800 2951 ipso
816 2851 912 2951 apud
938 2851 1300 2926 Westmonasterium
1326 2852 1454 2952 quinto
1471 2852 1529 2926 dia
1556 2851 1647 2924 Maii

438 2979 531 3027 anno
556 2954 656 3053 regni
676 2954 788 3027 nostri
815 2953 926 3027 tercio
951 2953 1102 3028 decimo.
