3726 5256
428 513 472 586 72
788 486 965 560 DOVER
991 483 1273 560 CHARTERS

428 677 503 752 fieri
521 675 634 774 possit
646 675 747 775 quod
760 673 893 790 dejure
906 689 943 748 et
956 669 1456 746 secundumconsuetudinem
1467 685 1639 770 portuum

430 777 671 878 predictorum
727 773 837 848 fuerit
895 771 1044 848 faciend’
1092 773 1129 846 in
1175 771 1363 872 premissis
1427 770 1478 844 Et
1523 769 1640 845 dictus

629 876 808 971 Johannes
847 874 1009 975 queritur
1047 873 1147 974 quod
1192 873 1426 1048 guamplures
1478 871 1640 946 homines

432 981 559 1078 Plagir'.
630 978 676 1052 de
706 979 873 1050 Dovorra
907 975 938 1049 ei
974 974 1154 1090 minantur
1218 998 1420 1092 ecorpore
1456 999 1522 1089 suo
1556 971 1642 1146 puis

432 1197 504 1255 ne
535 1093 858 1271 nnrl‘l‘lllb‘
885 1101 1042 1275 llll,
1075 1099 1198 1250 §llll
1238 1074 1402 1276 llll?
1435 1074 1641 1248 lllltli

431 1282 476 1356 de
512 1283 649 1371 Dcnne,
677 1278 883 1353 Willelmus
912 1277 1129 1369 Armentier,
1159 1277 1221 1378 qui
1251 1276 1463 1351 invenerunt
1493 1275 1529 1375 pl
1575 1274 1640 1362 '0s,

432 1381 595 1456 videlicet
623 1379 867 1480 unusquisque
895 1379 1032 1478 plegius
1059 1377 1212 1468 alterius,
1235 1378 1334 1478 quod
1356 1377 1388 1452 ei
1415 1402 1525 1475 pern
1565 1376 1641 1449 lum

432 1483 592 1582 ipsorum
617 1481 814 1581 dampnum
841 1505 903 1554 seu
928 1477 1125 1580 periculum
1150 1478 1298 1552 eveniet.

504 1679 678 1779 Imposito
702 1695 786 1753 sunt
808 1678 962 1774 Johanni
989 1677 1157 1754 Gibboun
1183 1676 1322 1753 diversa
1338 1677 1582 1779 criminaque,
1601 1694 1643 1751 ut

435 1781 578 1870 dicitur,
599 1780 783 1856 tenderent
799 1779 947 1854 domino
966 1779 1054 1880 Regi
1072 1793 1109 1854 et
1126 1779 1277 1854 Custodi
1295 1779 1455 1878 predicto
1471 1779 1509 1854 in
1536 1804 1644 1880 greve

736 1896 992 1979 contemptum.
1044 1881 1155 1978 Super
1178 1878 1310 1980 quibus
1332 1881 1451 1956 dictus
1465 1879 1644 1975 Johennes

736 1981 920 2071 allocutus,
950 1980 1050 2072 dicit,
1093 2005 1128 2054 se
1161 1981 1207 2055 de
1237 1981 1338 2058 nullo
1392 1982 1467 2057 uod
1495 1981 1645 2056 domino

738 2081 825 2182 Regi
857 2108 919 2156 seu
947 2081 1096 2156 domino
1125 2081 1275 2156 Custodi
1305 2007 1466 2157 tenderet
1495 2084 1531 2156 in
1558 2107 1642 2156 con·

437 2200 614 2282 temptum
632 2183 676 2256 de
695 2181 795 2255 nullo
812 2180 888 2256 fore
906 2181 1127 2282 culpabilem,
1145 2197 1181 2256 et
1192 2183 1288 2298 petit
1301 2183 1401 2358 gpod
1415 2183 1616 2300 inquiretur
1632 2207 1642 2270 ;

436 2285 495 2358 Set
520 2282 691 2384 cognovit
708 2300 744 2356 et
769 2281 901 2356 fatetur
921 2283 1021 2383 quod
1041 2307 1125 2356 cum
1141 2283 1288 2382 quidem
1353 2284 1493 2359 ichselrs
1510 2285 1645 2358 Balcere

435 2410 503 2500 prp
528 2383 677 2460 diversis
704 2383 911 2458 criminibus
937 2383 1087 2459 domino
1114 2382 1203 2483 Regi
1230 2382 1296 2458 sibi
1323 2385 1510 2483 impositis,
1541 2401 1577 2460 et
1607 2385 1643 2459 in

437 2511 579 2603 prisona
594 2485 640 2560 dc
655 2485 837 2559 Sandwico
852 2483 1095 2573 detenebatur,
1108 2499 1144 2556 et
1157 2509 1220 2582 per
1232 2484 1429 2570 Custodem
1447 2486 1644 2585 predictum

431 2611 556 2688 jussus
572 2601 646 2660 erat
664 2587 700 2658 in
718 2584 860 2685 prisona
876 2585 986 2662 teneri
1005 2585 1078 2660 sine
1094 2585 1348 2662 deliberacione
1365 2585 1464 2674 fecta,
1485 2587 1645 2688 eoquod

613 2685 705 2760 sacta
750 2713 813 2760 sus
853 2687 1002 2762 domino
1046 2685 1136 2786 Regi
1178 2704 1293 2762 essent
1336 2687 1574 2790 prejudicinlia
1603 2703 1646 2760 ut

438 2789 544 2864 Finis.
613 2787 850 2863 *dicicebatur
875 2788 1013 2863 dictum
1040 2787 1260 2861 Michaclum
1289 2788 1498 2864 deliberavit
1523 2804 1647 2864 contra

613 2885 799 2963 defensum
841 2890 1053 2988 predictum,
1096 2904 1132 2962 et
1174 2888 1256 2963 inde
1299 2890 1420 2988 posuit
1458 2917 1494 2964 se
1531 2889 1646 2992 gracia

439 2987 589 3080 domini,
619 3005 685 3065 etc.
741 2989 792 3064 Et
828 2989 999 3065 deceteris
1034 3015 1106 3092 que
1144 2987 1210 3062 sibi
1236 2990 1463 3090 imponentur
1494 3008 1645 3065 nonest

615 3088 811 3189 culpabilis,
850 3107 885 3164 et
915 3092 1005 3191 petit
1034 3090 1135 3192 quod
1164 3088 1376 3190 inquiratur.
1428 3091 1514 3166 ldeo
1541 3092 1646 3166 datus

438 3191 554 3289 Plegii.
613 3206 668 3263 est
695 3189 727 3264 ei
757 3191 833 3264 dies
865 3193 959 3290 apud
999 3193 1202 3266 Dovorram
1242 3192 1287 3266 ed
1320 3191 1500 3266 ecclesiam
1529 3193 1645 3266 Ssncti

440 3391 478 3468 G
567 3389 588 3406 ..
613 3289 735 3385 Jacobi
784 3291 842 3364 die
886 3292 987 3386 Jovis
1030 3291 1195 3390 proximo
1235 3308 1315 3367 ante
1356 3291 1489 3367 festum
1529 3291 1646 3367 Ssncti

480 3415 542 3464 eor
579 3417 602 3462 ι.

514 3415 666 3566 Εὲιειιηῐ
683 3489 759 3592 ejus
771 3507 1039 3591 manucaptores
1140 3492 1337 3567 Nicltolsus
1359 3493 1562 3594 Eppeloun,

1141 3595 1270 3670 Petrus
1294 3595 1421 3685 Reade,

1142 3693 1326 3769 Arnnldus
1346 3697 1481 3784 Broun,
1645 3733 1649 3738 ·

1144 3795 1321 3871 Robertus
1336 3798 1381 3872 de
1398 3797 1588 3872 Caustone.

514 4106 693 4201 Johannes
704 4105 805 4181 Pirot
815 4105 900 4183 tulit
912 4107 1030 4182 billam
1045 4135 1168 4185 versus
1183 4110 1362 4213 Majorem
1379 4112 1462 4186 ville
1477 4113 1523 4188 de
1539 4115 1651 4190 Sand-

441 4208 530 4282 wico
559 4207 604 4281 de
634 4206 764 4307 placito
798 4209 1086 4311 transgressionis
1114 4229 1224 4313 prout
1252 4230 1350 4313 patet
1379 4214 1416 4287 in
1445 4215 1541 4289 dicte
1568 4215 1653 4291 billa
