3756 5270
461 486 532 556 218
822 477 1003 556 DOVER
1029 477 1309 556 CHARTERS

459 705 541 754 rum
579 697 780 756 nostrarum
817 680 1028 779 patentium,
1071 703 1134 754 seu
1174 679 1336 755 brevium
1377 697 1583 756 nostrorum
1624 681 1669 756 de

461 806 590 882 magno
607 781 663 856 vel
680 783 819 881 privato
835 781 964 898 sigillo,
985 796 1046 855 aut
1072 806 1134 881 per
1155 781 1394 856 estallamenta
1418 783 1492 857 sive
1517 785 1667 881 assigna-

459 885 577 956 tiones
594 899 813 981 respectuata
825 899 992 972 existunt,
1005 883 1154 956 omnino
1166 885 1331 983 exceptis,
1348 884 1396 956 ita
1412 885 1510 983 quod
1527 908 1668 982 presens

460 985 672 1083 pardonacio
694 1000 814 1057 nostra
830 1009 904 1082 quo
919 983 963 1056 ad
981 985 1161 1082 premissa,
1184 1007 1245 1058 seu
1265 985 1380 1083 aliqua
1402 986 1666 1083 premissorum,

460 1110 531 1160 non
572 1085 671 1158 cedat
712 1087 748 1156 in
788 1085 986 1183 dampnum
1027 1085 1260 1185 prejudicium
1301 1085 1357 1158 vel
1398 1085 1666 1184 derogationem

459 1186 604 1287 alicujus
634 1185 777 1259 alterius
805 1210 951 1284 persone
981 1209 1088 1283 quam
1123 1210 1271 1284 persone
1299 1201 1444 1273 nostre;
1483 1187 1666 1260 dumtaxat

459 1286 604 1385 proviso
642 1311 779 1384 semper
815 1287 913 1384 quod
948 1286 1044 1358 nulla
1078 1286 1280 1388 hujusmodi
1309 1287 1521 1384 pardonacio
1548 1302 1666 1360 nostra

458 1388 578 1488 aliquo
614 1387 723 1461 modo
759 1387 882 1476 valeat,
918 1383 1098 1475 allocetur‚
1129 1413 1191 1460 nec
1219 1387 1291 1476 fiat,
1319 1412 1381 1459 nec
1408 1388 1603 1487 aliqualiter
1629 1413 1665 1459 se

459 1489 623 1562 extendat
647 1489 690 1562 ad
708 1487 914 1560 Alienorum
942 1486 1118 1576 Cobham,
1146 1489 1252 1562 liliam
1282 1486 1465 1587 Reginaldi
1492 1488 1664 1576 Cobham,

458 1591 581 1663 militis
599 1613 609 1677 ;
635 1589 832 1685 Johannem
850 1589 995 1678 Bolton‚
1012 1589 1056 1661 de
1076 1588 1217 1678 Bolton,
1245 1591 1280 1660 in
1307 1589 1489 1662 Comitatu
1516 1591 1667 1662 lancas-

458 1692 579 1782 trensi,
610 1689 837 1786 bladsmyth;
876 1688 1100 1762 Willelmum
1131 1689 1311 1789 Wyghall,
1343 1715 1454 1789 nuper
1483 1690 1666 1764 custodem

457 1791 557 1890 gaole
584 1806 702 1863 nostre
728 1791 772 1864 de
798 1790 1044 1889 Notyngham,
1071 1813 1134 1862 nec
1156 1791 1199 1862 ad
1222 1815 1347 1863 eorum
1370 1791 1534 1889 aliquem,
1553 1815 1666 1890 neque

458 1893 501 1965 ad
539 1890 706 1963 feloniam
734 1889 780 1964 de
814 1907 929 1964 morte
962 1889 1147 1963 Cristoferi
1182 1891 1323 1978 Talbot,
1356 1891 1488 1979 militis,
1517 1889 1666 1965 felonice

458 1989 646 2079 interfecti,
674 2015 787 2087 nuper
807 2006 1040 2089 perpetratam
1056 2015 1067 2079 3
1096 2016 1158 2063 nec
1177 1993 1275 2090 quod
1298 2015 1439 2089 presens
1456 1994 1666 2089 pardonacio

459 2109 588 2180 nostra,
608 2115 670 2164 nec
686 2091 801 2190 aliqua
818 2091 1023 2192 hujusmodi
1042 2092 1252 2188 pardonacio
1269 2109 1399 2192 nostra,
1417 2093 1613 2191 aliqualiter
1629 2119 1665 2165 se

457 2194 624 2267 extendat
650 2217 723 2290 quo
750 2192 793 2265 ad
820 2193 952 2290 aliquas
977 2192 1073 2264 lanas
1101 2217 1162 2264 seu
1191 2192 1299 2292 pelles
1319 2193 1466 2285 lanitias,
1497 2196 1553 2267 vel
1584 2193 1665 2266 alias

459 2292 690 2366 meroendisas
727 2293 772 2365 de
808 2290 954 2390 stapula,
992 2293 1035 2365 ad
1075 2293 1207 2392 aliquas
1245 2311 1360 2390 partes
1397 2313 1531 2368 exteras
1567 2312 1665 2368 extra

457 2419 607 2494 regnum
636 2408 797 2465 nostrum
824 2394 968 2492 Anglie,
995 2409 1118 2466 contra
1144 2390 1296 2468 formam
1328 2397 1449 2468 statuti
1478 2395 1513 2466 in
1542 2395 1666 2492 parlia-

457 2511 580 2568 mento
616 2510 741 2566 nostro
773 2495 866 2592 apud
896 2495 1263 2582 Westmonasterium,
1294 2497 1329 2568 in
1360 2495 1513 2568 crastino
1548 2499 1664 2569 Sancti

459 2595 609 2669 Martini
636 2619 730 2667 anno
756 2595 854 2693 regni
884 2596 995 2666 nostri
1013 2595 1152 2668 decimo
1177 2611 1314 2684 octavu,
1341 2612 1455 2687 tento,
1481 2597 1579 2685 editi,
1602 2622 1663 2668 seu

456 2697 655 2795 aliquorum
680 2696 830 2768 aliorum
857 2711 1085 2782 statutorum,
1111 2697 1252 2769 cariatas
1279 2713 1314 2770 et
1335 2697 1520 2788 traductas,
1540 2700 1663 2772 necad

456 2799 588 2896 aliquas
627 2794 866 2869 forisfacturas
906 2796 1008 2868 nobis
1048 2796 1083 2868 in
1126 2799 1188 2869 hac
1219 2813 1315 2895 parte
1344 2798 1561 2896 pertinentes
1589 2799 1663 2871 sive

457 2913 668 2997 spectantes,
699 2923 762 2969 nec
799 2897 844 2971 ad
873 2896 1141 2972 exoneraciones
1181 2899 1253 2970 sive
1292 2898 1567 2996 acquietaciones
1601 2897 1665 2970 ali-

483 3024 608 3072 uarum
634 3023 864 3096 personarum
890 2998 935 3070 de
952 2996 1198 3096 punitionibus
1215 3023 1319 3096 super
1337 3001 1427 3097 ipsas
1443 2999 1548 3073 fiend’
1561 2999 1664 3099 juxta

455 3025 607 3173 dormam
626 3115 854 3190 statutorum,
871 3122 937 3195 pro
953 3098 1127 3197 aliquibus
1143 3100 1231 3171 lanis
1255 3101 1327 3173 sive
1355 3098 1507 3198 pellibus
1533 3101 1663 3173 lanitiis

456 3201 512 3274 vel
530 3201 606 3273 aliis
622 3200 846 3273 mercandisis
862 3199 907 3272 de
927 3197 1061 3296 scapula
1085 3200 1129 3272 ad
1156 3199 1289 3298 aliquas
1315 3200 1521 3301 hujusmodi
1548 3217 1663 3298 partes

456 3319 591 3374 exteras
624 3315 747 3373 contra
780 3297 929 3372 formam
958 3301 1152 3373 eorundem
1180 3317 1392 3374 statutorum
1424 3301 1559 3375 cariatis
1589 3303 1662 3375 sive

456 3400 641 3489 traductis,
669 3424 732 3473 nec
758 3399 856 3498 quod
885 3425 1026 3499 presens
1053 3400 1263 3500 pardonacio
1291 3419 1421 3491 nostra,
1450 3426 1512 3474 nec
1547 3401 1662 3500 aliqua

455 3500 661 3602 hujusmodi
690 3501 901 3599 pardonacio
931 3518 1060 3592 nostra,
1095 3503 1140 3577 ad
1170 3501 1306 3601 aliquos
1338 3527 1485 3602 magnos
1514 3527 1662 3600 compu-

456 3620 570 3676 tantes
598 3617 755 3689 nostros,
785 3600 958 3693 videlicet,
986 3603 1028 3676 ad
1053 3602 1309 3676 thesaurarium
1327 3603 1429 3677 Cales
1455 3619 1490 3676 et
1518 3603 1660 3700 hospitii

457 3704 581 3790 nostri,
610 3702 800 3777 vitellarios
828 3701 937 3789 Cales,
968 3703 1173 3776 camerarios
1202 3703 1341 3792 Cestre,
1369 3703 1597 3792 Northwalle,
1625 3721 1662 3777 et

457 3802 654 3894 Suthwelle,
683 3803 847 3876 custodes
873 3801 1066 3900 garderobe
1093 3803 1240 3901 hospicii
1269 3806 1390 3894 nostri,
1417 3821 1477 3878 aut
1498 3806 1662 3879 custodes

456 3931 581 4006 magne
601 3903 794 4004 garderobe
812 3920 947 3991 nostre,
960 3918 1023 3976 aut
1039 3905 1203 3978 custodes
1220 3907 1293 3978 sive
1310 3907 1453 3979 clericos
1469 3904 1662 4005 garderobe

456 4023 586 4095 nostre,
638 4003 782 4078 clericos
833 4004 1082 4104 operationum
1131 4023 1347 4095 nostrarum,
1390 4005 1662 4080 constabularios

456 4107 664 4206 Burdegale,
700 4105 954 4179 thesaurarium
990 4120 1083 4178 terre
1118 4121 1237 4179 nostre
1267 4106 1454 4196 Hibernie,
1481 4123 1517 4179 et
1542 4131 1663 4205 recep-

455 4225 549 4283 tores
567 4209 726 4280 Ducatus
744 4207 855 4280 nostri
874 4206 1074 4279 lancastrie
1091 4222 1127 4280 et
1144 4209 1303 4282 Ducatus
1330 4210 1441 4283 nostri
1470 4206 1660 4296 Cornubie,
