3726 5256
425 487 494 539 100
781 457 958 533 DOVER
984 455 1262 533 CHARTERS

910 750 1145 832 XXXII.

842 951 890 1036 tllj
914 951 1014 1034 Mull.
1034 965 1057 1036 4
1078 951 1155 1021 Rlc.
1178 949 1226 1020 11.

426 1136 631 1210 chnrtuus
659 1133 715 1211 dei
742 1131 859 1309 {racia
885 1134 964 1207 Rex
989 1129 1121 1233 Anglic
1146 1146 1183 1205 et
1210 1129 1364 1223 ffmncie,
1390 1147 1427 1206 et
1454 1129 1633 1205 Dominus

425 1235 628 1327 Hibernie3
653 1235 752 1312 omni
777 1261 819 1310 us
834 1234 880 1310 ad
897 1258 989 1335 quos
1006 1249 1186 1334 presentes
1204 1230 1321 1326 littere
1345 1232 1633 1334 pervenerint,-

424 1337 651 1513 saluiieoliiitat
680 1435 781 1512 nobis
810 1459 872 1535 per
901 1433 1158 1534 inspeccionem
1189 1431 1392 1510 rotulorum
1421 1431 1634 1510 cancellarie

426 1539 563 1615 domini
581 1539 640 1630 E.,
656 1563 770 1637 nuper
787 1536 896 1638 Regis
911 1535 1056 1637 Anglie,
1073 1534 1131 1610 avi
1150 1534 1272 1625 nostri,
1293 1535 1391 1636 quod
1417 1533 1454 1610 in
1479 1535 1633 1635 quadam

427 1639 653 1715 ordinacione
670 1665 733 1740 per
749 1640 866 1738 ipsum
883 1661 989 1712 avum
1007 1651 1168 1712 nostrum
1184 1636 1230 1711 de
1246 1661 1387 1710 assensu
1412 1633 1631 1710 Prclstorum

287 1769 290 1776 ·
427 1740 612 1816 Comitum
636 1756 673 1815 et
706 1741 884 1813 Baronum
909 1737 1010 1839 regni
1035 1737 1089 1812 sui
1114 1737 1153 1810 in
1180 1736 1415 1812 Psrliamento
1440 1761 1506 1810 suo
1525 1736 1634 1853 'apud

429 1841 540 1917 Ebor’
579 1841 616 1915 in
651 1839 806 1915 crastino
841 1837 1070 1914 Ascensionis
1107 1837 1256 1912 Domini
1299 1861 1393 1912 anno
1435 1862 1535 1939 regm
1577 1836 1632 1910 sui

429 1968 525 2017 nono
551 1957 652 2016 tento
678 1955 954 2015 convocatorum
981 1963 1047 2040 pro
1073 1937 1227 2013 utilitate
1252 1937 1364 2038 ipsius
1388 1938 1445 2013 uvi
1469 1937 1582 2014 nostri
1598 1954 1635 2011 et

426 2041 653 2118 subditorum
669 2065 816 2116 suorum
834 2037 926 2115 sacta
941 2055 977 2114 et
1002 2038 1156 2114 stabilita
1180 2039 1383 2116 continetur
1406 2037 1498 2113 inter
1524 2053 1636 2114 oetera

428 2143 597 2220 articulus
614 2141 868 2242 infrascripns,
885 2139 1101 2216 videlicet-

504 2245 554 2318 ΕΙ
568 2268 627 2342 que
642 2244 843 2341 nulpelemn
852 2262 950 2339 passe
965 2243 1039 2316 hors
1055 2242 1094 2314 de
1114 2256 1218 2316 nostre
1230 2241 1362 2314 roialme
1373 2265 1449 2315 vers
1461 2242 1505 2316 les
1509 2241 1636 2337 parties

430 2347 470 2419 de
485 2345 559 2419 dela
566 2345 700 2444 forsque
716 2371 738 2417 a
756 2344 909 2418 Davom
924 2367 997 2416 sous
1005 2345 1104 2438 peine
1119 2343 1159 2416 dr
1176 2345 1431 2438 inprisonement
1443 2341 1512 2417 dun
1528 2365 1584 2416 an.

505 2447 586 2520 Nos
601 2462 721 2520 autem
736 2443 926 2519 articulum
942 2440 1144 2542 predictum
1159 2443 1205 2516 ad
1220 2441 1491 2543 requisitionem
1517 2441 1637 2516 dilecti

428 2545 599 2640 Johannis
637 2546 759 2638 Halle,
797 2543 949 2646 Majoris
986 2542 1142 2644 predicte
1182 2541 1265 2616 ville
1302 2544 1479 2633 Dovorre,
1515 2559 1636 2618 tenore

429 2647 648 2747 presencium
702 2647 871 2720 duximus
919 2643 1250 2744 exemplificandum
1300 2659 1337 2718 ct
1386 2643 1551 2718 voluntes
1599 2658 1637 2717 et

429 2749 660 2824 concedentes
693 2747 793 2849 quod
825 2745 1007 2821 ordinacio
1048 2745 1206 2844 predicta
1247 2769 1320 2844 quo
1361 2745 1407 2820 ad
1447 2742 1636 2821 articulum

430 2849 630 2949 predictum
646 2873 727 2923 cum
744 2850 789 2925 ud
805 2871 1031 2922 communem
1047 2847 1170 2922 tendat
1186 2844 1375 2944 utilitatem
1400 2845 1499 2947 regni
1526 2846 1637 2921 nostri

430 2949 680 3026 inviolabiliter
698 2965 858 3024 teneatur
874 2965 910 3023 et
925 2947 1074 3022 firmiter
1089 2947 1306 3024 observetur.

507 3052 549 3124 ln
567 3050 665 3152 cujus
681 3049 731 3124 rei
748 3049 991 3126 testimonium
1009 3049 1071 3122 has
1088 3048 1221 3122 litteras
1237 3063 1373 3122 nostras
1395 3045 1471 3121 fieri
1487 3043 1637 3122 fecimus

455 3167 598 3227 atentes

430 3177 455 3251 p
507 3252 616 3326 Teste
642 3276 699 3324 me
726 3251 804 3350 ipso
829 3251 924 3349 apud
949 3247 1306 3323 westmonasterium
1323 3263 1453 3349 quarto
1469 3248 1527 3323 die
1547 3247 1637 3323 Maii

432 3378 526 3426 anno
542 3351 642 3453 regni
659 3350 771 3426 nostri
788 3365 926 3451 quarto.
