3728 5256
449 474 519 545 170
806 447 988 524 DOVER
1014 446 1295 523 CHARTERS

969 745 1132 826 Lvtt.

829 923 864 1006 ru
886 923 996 1003 sunit,
1019 935 1059 1002 13
1080 923 1171 990 nen.
1196 922 1255 990 1v.

443 1077 591 1151 Scnsr
620 1093 799 1176 presentes
822 1092 858 1150 et
887 1076 998 1151 futuri
1027 1075 1125 1178 quod
1153 1102 1232 1178 ego,
1253 1079 1387 1177 Agnes,
1417 1077 1488 1150 filia
1505 1094 1540 1150 et
1558 1078 1657 1150 heres

443 1177 637 1252 Alexandri
655 1179 818 1266 Poltone,
832 1177 877 1252 de
889 1179 1068 1266 Dovorra,
1083 1177 1178 1268 dedi,
1192 1179 1358 1268 concessi,
1370 1196 1418 1268 et,
1429 1179 1492 1252 hac
1503 1177 1655 1277 presenti

443 1295 538 1354 carta
563 1305 650 1368 mea,
678 1279 882 1353 confirmavi
909 1280 1051 1353 Thome
1076 1295 1132 1353 ate
1157 1280 1329 1368 Crouche,
1355 1279 1399 1354 de
1416 1282 1592 1368 Dovorra,
1621 1294 1657 1350 et

442 1380 616 1474 Johanne,
648 1381 749 1453 uxori
776 1379 863 1480 ejus,
895 1395 1008 1454 totam
1034 1396 1170 1477 partem
1196 1405 1309 1453 meam
1335 1381 1440 1454 unius
1465 1381 1657 1454 tenementi

444 1506 526 1555 cum
544 1480 767 1580 pertinenciis
783 1480 949 1554 situatam
967 1479 1059 1567 infra
1082 1481 1278 1555 libertatem
1296 1497 1419 1580 portus
1435 1483 1600 1554 Dovorre
1620 1481 1657 1553 in

446 1581 761 1680 Mankynewarde,
780 1583 871 1656 inter
898 1581 1032 1680 regiam
1060 1598 1205 1655 stratam
1229 1608 1351 1656 versus
1377 1582 1591 1668 southeeast,
1621 1597 1656 1653 et

445 1699 574 1756 terram
593 1681 742 1756 Roberti
760 1683 921 1780 Roydyn,
941 1683 1082 1772 bocher,
1099 1709 1220 1756 versus
1236 1685 1459 1772 southewest,
1476 1700 1512 1756 et
1529 1699 1659 1757 terram

445 1783 594 1883 predicti
629 1785 772 1856 Thome
805 1809 929 1857 versus
962 1783 1188 1872 northewest,
1221 1800 1257 1856 et
1293 1785 1385 1858 inter
1418 1799 1659 1858 tenementum

443 1884 774 1978 JohannisPetham
787 1910 908 1957 versus
923 1884 1146 1958 northeeast:
1171 1884 1320 1960 habend'
1334 1902 1369 1958 et
1386 1884 1529 1958 tenend'
1547 1900 1659 1957 totam

445 1986 576 2059 dictam
596 2001 732 2083 partem
758 2009 871 2058 meam
898 1985 1045 2083 predicti
1073 1985 1266 2059 tenementi
1292 2012 1373 2060 cum
1399 1985 1563 2059 omnibus
1587 1986 1659 2057 suis

445 2085 670 2184 pertinenciis
703 2087 956 2184 prenominatis
997 2087 1139 2159 Thome
1180 2104 1216 2160 et
1245 2086 1416 2180 Johanne,
1448 2087 1550 2159 uxori
1581 2110 1656 2174 sue,

446 2185 634 2260 heredibus
649 2202 685 2259 et
697 2185 880 2285 assignatis
897 2185 1007 2285 ipsius
1023 2186 1165 2260 Thome
1179 2187 1442 2287 imperpetuum
1461 2216 1468 2260 :
1498 2185 1660 2260 ffaciend’

447 2287 528 2360 inde
556 2287 745 2360 servicium
768 2286 903 2360 domini
929 2287 1037 2386 Regis
1059 2313 1141 2360 cum
1164 2289 1328 2363 acciderit
1350 2287 1544 2361 secundum
1575 2312 1660 2360 con-

446 2386 670 2461 suetudinem
700 2407 825 2486 portus
859 2387 1006 2486 predicti
1035 2412 1101 2486 pro
1129 2390 1293 2464 omnibus
1326 2387 1402 2462 aliis
1436 2387 1590 2461 serviciis
1623 2405 1660 2461 et

447 2488 632 2563 demendis
647 2516 654 2560 :
674 2504 710 2560 et
720 2513 799 2587 ego,
814 2489 1014 2588 supradicta
1025 2489 1160 2590 Agnes,
1173 2507 1208 2564 et
1219 2491 1364 2564 heredes
1375 2490 1455 2578 mei,
1467 2489 1661 2587 predictam

448 2605 583 2689 partem
617 2613 731 2662 meam
774 2589 922 2688 predicti
967 2591 1157 2664 tenementi
1201 2617 1282 2664 cum
1324 2593 1396 2664 suis
1438 2591 1661 2689 pertinenciis

448 2689 746 2790 supranominatis
763 2691 906 2764 Thome
929 2709 964 2765 et
990 2691 1164 2785 Johanne,
1184 2693 1287 2765 uxori
1312 2691 1399 2793 ejus,
1418 2691 1604 2764 heredibus
1623 2708 1659 2763 et

448 2791 631 2892 assignatis
659 2791 818 2890 ejusdem
844 2791 996 2880 Thome,
1017 2809 1142 2867 contra
1164 2818 1288 2866 omnes
1325 2811 1449 2894 gentes
1474 2791 1661 2866 warantiz-

447 2894 586 2967 abimus
601 2890 875 2991 imperpetuum.

524 2994 564 3066 In
582 2991 682 3093 cujus
698 2995 747 3066 rei
766 2992 1009 3068 testimonium
1025 2994 1107 3068 huic
1124 2994 1275 3094 presenti
1295 3011 1388 3068 carte
1412 3019 1488 3068 mee
1504 2994 1658 3094 sigillum

450 3120 568 3168 meum
586 3094 743 3193 apposui.

525 3198 619 3268 Data
636 3196 804 3269 Dovorra
820 3197 930 3268 tercio
947 3195 1004 3268 die
1029 3196 1125 3290 Junii
1143 3221 1236 3268 anno
1253 3197 1351 3295 regni
1372 3197 1479 3296 Regis
1496 3196 1660 3285 Henrici,

451 3311 579 3395 quarto
597 3311 678 3392 post
695 3313 927 3395 conquestum
946 3297 1088 3397 Anglie,
1106 3297 1216 3369 tercio
1233 3296 1382 3369 decimo.

527 3395 613 3468 Hiis
646 3395 818 3469 testibus:
863 3397 1024 3492 Johanne
1060 3396 1262 3486 Evebroke,
1299 3397 1440 3496 Majore
1468 3398 1660 3485 Dovorre;

451 3496 594 3569 Thoma
613 3496 717 3595 Pege,
730 3495 892 3584 Balliv03
911 3498 1085 3572 Nicholao
1104 3497 1247 3595 Spisour
1265 3522 1275 3586 ;
1292 3499 1455 3593 Johanne
1471 3498 1630 3572 Gartone
1648 3523 1659 3585 ;

451 3597 612 3692 Johanne
631 3597 789 3694 Robyn;
816 3597 1001 3671 Willelmo
1028 3599 1280 3687 Middeltone;
1307 3601 1451 3673 Thoma
1468 3599 1630 3699 Curlyng
1649 3624 1660 3688 ;

450 3698 614 3792 Johanne
633 3698 782 3771 Petham
805 3723 814 3786 ;
842 3697 997 3772 Ricardo
1012 3699 1210 3790 Sedenore3
1236 3717 1272 3774 et
1288 3700 1372 3777 aliis.
