<?xml version="1.0" encoding="UTF-8"?>
<!DOCTYPE html PUBLIC "-//W3C//DTD XHTML 1.0 Transitional//EN"
    "http://www.w3.org/TR/xhtml1/DTD/xhtml1-transitional.dtd">
<html xmlns="http://www.w3.org/1999/xhtml" xml:lang="en" lang="en">
 <head>
  <title>
</title>
<meta http-equiv="Content-Type" content="text/html;charset=utf-8" />
  <meta name='ocr-system' content='tesseract 3.04.00' />
  <meta name='ocr-capabilities' content='ocr_page ocr_carea ocr_par ocr_line ocrx_word'/>
</head>
<body>
  <div class='ocr_page' id='page_1' title='image "./doverchartersan01statgoog_0199.png"; bbox 0 0 3738 5258; ppageno 0'>
   <div class='ocr_carea' id='block_1_1' title="bbox 447 476 1291 569">
    <p class='ocr_par' dir='ltr' id='par_1_1' title="bbox 447 476 1291 569">
     <span class='ocr_line' id='line_1_1' title="bbox 447 476 1291 569; baseline 0.002 -21"><span class='ocrx_word' id='word_1_1' title='bbox 447 478 515 569; x_wconf 88' lang='lat'>164</span> <span class='ocrx_word' id='word_1_2' title='bbox 802 477 984 550; x_wconf 88' lang='lat' dir='ltr'>DOVER</span> <span class='ocrx_word' id='word_1_3' title='bbox 1010 476 1291 550; x_wconf 89' lang='lat' dir='ltr'>CHARTERS</span> 
     </span>
    </p>
   </div>
   <div class='ocr_carea' id='block_1_2' title="bbox 998 776 1095 854">
    <p class='ocr_par' dir='ltr' id='par_1_2' title="bbox 998 776 1095 854">
     <span class='ocr_line' id='line_1_2' title="bbox 998 776 1095 854; baseline 0 0"><span class='ocrx_word' id='word_1_4' title='bbox 998 776 1095 854; x_wconf 87' lang='lat' dir='ltr'>LV.</span> 
     </span>
    </p>
   </div>
   <div class='ocr_carea' id='block_1_3' title="bbox 768 980 1327 1210">
    <p class='ocr_par' dir='ltr' id='par_1_3' title="bbox 768 980 1327 1210">
     <span class='ocr_line' id='line_1_3' title="bbox 1036 980 1059 1024; baseline 0 0"><span class='ocrx_word' id='word_1_5' title='bbox 1036 980 1059 1024; x_wconf 84' lang='lat'>1.</span> 
     </span>
     <span class='ocr_line' id='line_1_4' title="bbox 768 1127 1327 1210; baseline 0.002 -17"><span class='ocrx_word' id='word_1_6' title='bbox 768 1127 868 1210; x_wconf 81' lang='lat' dir='ltr'>xxvij</span> <span class='ocrx_word' id='word_1_7' title='bbox 889 1127 1061 1208; x_wconf 84' lang='lat' dir='ltr'>Janusrii,</span> <span class='ocrx_word' id='word_1_8' title='bbox 1087 1141 1125 1208; x_wconf 89' lang='lat'>13</span> <span class='ocrx_word' id='word_1_9' title='bbox 1149 1127 1241 1194; x_wconf 83' lang='lat' dir='ltr'>Hen.</span> <span class='ocrx_word' id='word_1_10' title='bbox 1267 1127 1327 1194; x_wconf 90' lang='lat' dir='ltr'>1v.</span> 
     </span>
    </p>
   </div>
   <div class='ocr_carea' id='block_1_4' title="bbox 442 1281 1657 3606">
    <p class='ocr_par' dir='ltr' id='par_1_4' title="bbox 442 1281 1657 3606">
     <span class='ocr_line' id='line_1_5' title="bbox 445 1281 1652 1384; baseline -0.004 -25"><span class='ocrx_word' id='word_1_11' title='bbox 445 1286 535 1359; x_wconf 79' lang='lat' dir='ltr'>Hse</span> <span class='ocrx_word' id='word_1_12' title='bbox 553 1301 606 1359; x_wconf 89' lang='lat' dir='ltr'>est</span> <span class='ocrx_word' id='word_1_13' title='bbox 623 1284 736 1358; x_wconf 83' lang='lat' dir='ltr'>finalis</span> <span class='ocrx_word' id='word_1_14' title='bbox 752 1283 940 1357; x_wconf 90' lang='lat' dir='ltr'>concordia</span> <span class='ocrx_word' id='word_1_15' title='bbox 956 1281 1048 1356; x_wconf 81' lang='lat' dir='ltr'>facts</span> <span class='ocrx_word' id='word_1_16' title='bbox 1065 1282 1101 1354; x_wconf 95' lang='lat' dir='ltr'>in</span> <span class='ocrx_word' id='word_1_17' title='bbox 1121 1282 1232 1356; x_wconf 81' lang='lat' dir='ltr'>Curis</span> <span class='ocrx_word' id='word_1_18' title='bbox 1258 1283 1395 1356; x_wconf 93' lang='lat' dir='ltr'>domini</span> <span class='ocrx_word' id='word_1_19' title='bbox 1423 1283 1530 1384; x_wconf 88' lang='lat' dir='ltr'>Regis</span> <span class='ocrx_word' id='word_1_20' title='bbox 1555 1299 1652 1358; x_wconf 86' lang='lat' dir='ltr'>tenta</span> 
     </span>
     <span class='ocr_line' id='line_1_6' title="bbox 444 1383 1653 1486; baseline -0.002 -27"><span class='ocrx_word' id='word_1_21' title='bbox 444 1388 480 1459; x_wconf 92' lang='lat' dir='ltr'>in</span> <span class='ocrx_word' id='word_1_22' title='bbox 511 1403 619 1486; x_wconf 88' lang='lat' dir='ltr'>portu</span> <span class='ocrx_word' id='word_1_23' title='bbox 649 1387 813 1458; x_wconf 86' lang='lat' dir='ltr'>Dovorre</span> <span class='ocrx_word' id='word_1_24' title='bbox 842 1384 956 1484; x_wconf 84' lang='lat' dir='ltr'>xxvij⁰</span> <span class='ocrx_word' id='word_1_25' title='bbox 989 1385 1047 1458; x_wconf 90' lang='lat' dir='ltr'>die</span> <span class='ocrx_word' id='word_1_26' title='bbox 1079 1384 1236 1478; x_wconf 81' lang='lat' dir='ltr'>Januarii</span> <span class='ocrx_word' id='word_1_27' title='bbox 1273 1410 1367 1457; x_wconf 88' lang='lat' dir='ltr'>anno</span> <span class='ocrx_word' id='word_1_28' title='bbox 1403 1385 1503 1484; x_wconf 88' lang='lat' dir='ltr'>regni</span> <span class='ocrx_word' id='word_1_29' title='bbox 1543 1383 1653 1484; x_wconf 83' lang='lat' dir='ltr'>Regis</span> 
     </span>
     <span class='ocr_line' id='line_1_7' title="bbox 445 1485 1653 1586; baseline -0.002 -26"><span class='ocrx_word' id='word_1_30' title='bbox 445 1487 611 1577; x_wconf 91' lang='lat' dir='ltr'>Henrici,</span> <span class='ocrx_word' id='word_1_31' title='bbox 645 1487 764 1586; x_wconf 84' lang='lat' dir='ltr'>quarti</span> <span class='ocrx_word' id='word_1_32' title='bbox 800 1503 881 1586; x_wconf 87' lang='lat' dir='ltr'>post</span> <span class='ocrx_word' id='word_1_33' title='bbox 917 1501 1152 1584; x_wconf 89' lang='lat' dir='ltr'>conquestum</span> <span class='ocrx_word' id='word_1_34' title='bbox 1190 1485 1334 1584; x_wconf 84' lang='lat' dir='ltr'>Anglie,</span> <span class='ocrx_word' id='word_1_35' title='bbox 1363 1486 1474 1558; x_wconf 89' lang='lat' dir='ltr'>tercio</span> <span class='ocrx_word' id='word_1_36' title='bbox 1502 1486 1653 1572; x_wconf 91' lang='lat' dir='ltr'>decimo,</span> 
     </span>
     <span class='ocr_line' id='line_1_8' title="bbox 444 1585 1651 1686; baseline -0.004 -24"><span class='ocrx_word' id='word_1_37' title='bbox 444 1615 563 1662; x_wconf 81' lang='lat' dir='ltr'>coram</span> <span class='ocrx_word' id='word_1_38' title='bbox 587 1589 749 1684; x_wconf 80' lang='lat' dir='ltr'>Johsnne</span> <span class='ocrx_word' id='word_1_39' title='bbox 775 1585 976 1675; x_wconf 89' lang='lat' dir='ltr'>Evebroke,</span> <span class='ocrx_word' id='word_1_40' title='bbox 1005 1586 1170 1686; x_wconf 83' lang='lat' dir='ltr'>Majore;</span> <span class='ocrx_word' id='word_1_41' title='bbox 1208 1587 1352 1660; x_wconf 85' lang='lat' dir='ltr'>Thoma</span> <span class='ocrx_word' id='word_1_42' title='bbox 1378 1586 1482 1686; x_wconf 87' lang='lat' dir='ltr'>Page,</span> <span class='ocrx_word' id='word_1_43' title='bbox 1508 1585 1632 1659; x_wconf 80' lang='lat' dir='ltr'>Bsiliff</span> <span class='ocrx_word' id='word_1_44' title='bbox 1641 1611 1651 1672; x_wconf 89' lang='lat'>;</span> 
     </span>
     <span class='ocr_line' id='line_1_9' title="bbox 445 1687 1652 1787; baseline -0.003 -25"><span class='ocrx_word' id='word_1_45' title='bbox 445 1715 580 1764; x_wconf 85' lang='lat' dir='ltr'>necnon</span> <span class='ocrx_word' id='word_1_46' title='bbox 609 1689 742 1784; x_wconf 85' lang='lat' dir='ltr'>Juratis</span> <span class='ocrx_word' id='word_1_47' title='bbox 770 1705 807 1761; x_wconf 85' lang='lat' dir='ltr'>et</span> <span class='ocrx_word' id='word_1_48' title='bbox 836 1687 914 1760; x_wconf 82' lang='lat' dir='ltr'>aliis</span> <span class='ocrx_word' id='word_1_49' title='bbox 942 1687 1028 1760; x_wconf 90' lang='lat' dir='ltr'>dicti</span> <span class='ocrx_word' id='word_1_50' title='bbox 1059 1687 1197 1760; x_wconf 90' lang='lat' dir='ltr'>domini</span> <span class='ocrx_word' id='word_1_51' title='bbox 1229 1687 1337 1787; x_wconf 83' lang='lat' dir='ltr'>Regis</span> <span class='ocrx_word' id='word_1_52' title='bbox 1373 1687 1535 1760; x_wconf 87' lang='lat' dir='ltr'>fidelibus</span> <span class='ocrx_word' id='word_1_53' title='bbox 1566 1703 1652 1759; x_wconf 91' lang='lat' dir='ltr'>tunc</span> 
     </span>
     <span class='ocr_line' id='line_1_10' title="bbox 445 1787 1651 1890; baseline -0.004 -25"><span class='ocrx_word' id='word_1_54' title='bbox 445 1791 577 1865; x_wconf 79' lang='lat' dir='ltr'>ibidem</span> <span class='ocrx_word' id='word_1_55' title='bbox 591 1789 812 1890; x_wconf 79' lang='lat' dir='ltr'>congregatis</span> <span class='ocrx_word' id='word_1_56' title='bbox 826 1813 837 1876; x_wconf 84' lang='lat'>3</span> <span class='ocrx_word' id='word_1_57' title='bbox 864 1788 955 1861; x_wconf 86' lang='lat' dir='ltr'>inter</span> <span class='ocrx_word' id='word_1_58' title='bbox 965 1789 1146 1861; x_wconf 84' lang='lat' dir='ltr'>Thomam</span> <span class='ocrx_word' id='word_1_59' title='bbox 1159 1803 1214 1861; x_wconf 87' lang='lat' dir='ltr'>ate</span> <span class='ocrx_word' id='word_1_60' title='bbox 1227 1787 1401 1875; x_wconf 90' lang='lat' dir='ltr'>Crouche,</span> <span class='ocrx_word' id='word_1_61' title='bbox 1415 1789 1459 1862; x_wconf 89' lang='lat' dir='ltr'>de</span> <span class='ocrx_word' id='word_1_62' title='bbox 1473 1788 1651 1872; x_wconf 77' lang='lat' dir='ltr'>novom,</span> 
     </span>
     <span class='ocr_line' id='line_1_11' title="bbox 442 1887 1651 1989; baseline -0.002 -24"><span class='ocrx_word' id='word_1_63' title='bbox 442 1908 479 1965; x_wconf 92' lang='lat' dir='ltr'>et</span> <span class='ocrx_word' id='word_1_64' title='bbox 495 1893 707 1988; x_wconf 80' lang='lat' dir='ltr'>johannam,</span> <span class='ocrx_word' id='word_1_65' title='bbox 725 1914 871 1962; x_wconf 86' lang='lat' dir='ltr'>uxorem</span> <span class='ocrx_word' id='word_1_66' title='bbox 887 1890 976 1989; x_wconf 88' lang='lat' dir='ltr'>ejus,</span> <span class='ocrx_word' id='word_1_67' title='bbox 997 1914 1040 1962; x_wconf 86' lang='lat' dir='ltr'>ex</span> <span class='ocrx_word' id='word_1_68' title='bbox 1066 1905 1162 1988; x_wconf 83' lang='lat' dir='ltr'>parte</span> <span class='ocrx_word' id='word_1_69' title='bbox 1188 1915 1267 1978; x_wconf 83' lang='lat' dir='ltr'>una,</span> <span class='ocrx_word' id='word_1_70' title='bbox 1285 1904 1482 1988; x_wconf 76' lang='lat' dir='ltr'>querentes,</span> <span class='ocrx_word' id='word_1_71' title='bbox 1498 1905 1535 1961; x_wconf 90' lang='lat' dir='ltr'>et</span> <span class='ocrx_word' id='word_1_72' title='bbox 1552 1887 1651 1962; x_wconf 85' lang='lat' dir='ltr'>Wal-</span> 
     </span>
     <span class='ocr_line' id='line_1_12' title="bbox 445 1988 1652 2090; baseline -0.003 -25"><span class='ocrx_word' id='word_1_73' title='bbox 445 2009 563 2066; x_wconf 91' lang='lat' dir='ltr'>terum</span> <span class='ocrx_word' id='word_1_74' title='bbox 594 1991 691 2064; x_wconf 89' lang='lat' dir='ltr'>Bode</span> <span class='ocrx_word' id='word_1_75' title='bbox 720 1992 765 2065; x_wconf 91' lang='lat' dir='ltr'>de</span> <span class='ocrx_word' id='word_1_76' title='bbox 795 1988 1015 2077; x_wconf 83' lang='lat' dir='ltr'>ffeversham,</span> <span class='ocrx_word' id='word_1_77' title='bbox 1041 2007 1077 2062; x_wconf 89' lang='lat' dir='ltr'>et</span> <span class='ocrx_word' id='word_1_78' title='bbox 1105 1991 1358 2089; x_wconf 82' lang='lat' dir='ltr'>Margaretam,</span> <span class='ocrx_word' id='word_1_79' title='bbox 1388 2014 1534 2062; x_wconf 88' lang='lat' dir='ltr'>uxorem</span> <span class='ocrx_word' id='word_1_80' title='bbox 1563 1989 1652 2090; x_wconf 89' lang='lat' dir='ltr'>ejus,</span> 
     </span>
     <span class='ocr_line' id='line_1_13' title="bbox 444 2090 1653 2188; baseline -0.003 -22"><span class='ocrx_word' id='word_1_81' title='bbox 444 2094 553 2166; x_wconf 82' lang='lat' dir='ltr'>filiam</span> <span class='ocrx_word' id='word_1_82' title='bbox 580 2108 617 2165; x_wconf 94' lang='lat' dir='ltr'>et</span> <span class='ocrx_word' id='word_1_83' title='bbox 644 2092 809 2164; x_wconf 86' lang='lat' dir='ltr'>heredem</span> <span class='ocrx_word' id='word_1_84' title='bbox 829 2091 1005 2164; x_wconf 89' lang='lat' dir='ltr'>Willelmi</span> <span class='ocrx_word' id='word_1_85' title='bbox 1032 2090 1196 2179; x_wconf 89' lang='lat' dir='ltr'>Poltone,</span> <span class='ocrx_word' id='word_1_86' title='bbox 1220 2091 1265 2164; x_wconf 93' lang='lat' dir='ltr'>de</span> <span class='ocrx_word' id='word_1_87' title='bbox 1291 2092 1468 2178; x_wconf 85' lang='lat' dir='ltr'>Dovorra,</span> <span class='ocrx_word' id='word_1_88' title='bbox 1488 2116 1532 2162; x_wconf 89' lang='lat' dir='ltr'>ex</span> <span class='ocrx_word' id='word_1_89' title='bbox 1555 2107 1653 2188; x_wconf 87' lang='lat' dir='ltr'>parte</span> 
     </span>
     <span class='ocr_line' id='line_1_14' title="bbox 445 2191 1654 2289; baseline -0.004 -21"><span class='ocrx_word' id='word_1_90' title='bbox 445 2195 564 2283; x_wconf 83' lang='lat' dir='ltr'>altera,</span> <span class='ocrx_word' id='word_1_91' title='bbox 580 2191 826 2281; x_wconf 85' lang='lat' dir='ltr'>deforciantes,</span> <span class='ocrx_word' id='word_1_92' title='bbox 852 2191 898 2263; x_wconf 90' lang='lat' dir='ltr'>de</span> <span class='ocrx_word' id='word_1_93' title='bbox 922 2207 1000 2265; x_wconf 87' lang='lat' dir='ltr'>tota</span> <span class='ocrx_word' id='word_1_94' title='bbox 1025 2207 1124 2289; x_wconf 85' lang='lat' dir='ltr'>parte</span> <span class='ocrx_word' id='word_1_95' title='bbox 1150 2193 1306 2288; x_wconf 86' lang='lat' dir='ltr'>ipsorum</span> <span class='ocrx_word' id='word_1_96' title='bbox 1327 2191 1478 2265; x_wconf 87' lang='lat' dir='ltr'>Walteri</span> <span class='ocrx_word' id='word_1_97' title='bbox 1496 2208 1532 2265; x_wconf 91' lang='lat' dir='ltr'>et</span> <span class='ocrx_word' id='word_1_98' title='bbox 1551 2193 1654 2264; x_wconf 87' lang='lat' dir='ltr'>Mar-</span> 
     </span>
     <span class='ocr_line' id='line_1_15' title="bbox 444 2291 1655 2396; baseline -0.002 -28"><span class='ocrx_word' id='word_1_99' title='bbox 444 2311 562 2396; x_wconf 81' lang='lat' dir='ltr'>garete</span> <span class='ocrx_word' id='word_1_100' title='bbox 604 2293 711 2366; x_wconf 88' lang='lat' dir='ltr'>unius</span> <span class='ocrx_word' id='word_1_101' title='bbox 753 2293 945 2365; x_wconf 90' lang='lat' dir='ltr'>tenementi</span> <span class='ocrx_word' id='word_1_102' title='bbox 987 2291 1107 2365; x_wconf 83' lang='lat' dir='ltr'>situati</span> <span class='ocrx_word' id='word_1_103' title='bbox 1151 2291 1243 2365; x_wconf 79' lang='lat' dir='ltr'>infra</span> <span class='ocrx_word' id='word_1_104' title='bbox 1288 2291 1487 2366; x_wconf 82' lang='lat' dir='ltr'>libertatem</span> <span class='ocrx_word' id='word_1_105' title='bbox 1530 2309 1655 2392; x_wconf 86' lang='lat' dir='ltr'>portus</span> 
     </span>
     <span class='ocr_line' id='line_1_16' title="bbox 447 2392 1654 2490; baseline -0.004 -19"><span class='ocrx_word' id='word_1_106' title='bbox 447 2399 613 2471; x_wconf 87' lang='lat' dir='ltr'>Dovorre</span> <span class='ocrx_word' id='word_1_107' title='bbox 631 2395 666 2468; x_wconf 92' lang='lat' dir='ltr'>in</span> <span class='ocrx_word' id='word_1_108' title='bbox 684 2394 816 2448; x_wconf 74' lang='lat'>*—-</span> <span class='ocrx_word' id='word_1_109' title='bbox 832 2392 958 2482; x_wconf 87' lang='lat' dir='ltr'>warde,</span> <span class='ocrx_word' id='word_1_110' title='bbox 980 2393 1074 2466; x_wconf 90' lang='lat' dir='ltr'>unde</span> <span class='ocrx_word' id='word_1_111' title='bbox 1098 2392 1267 2490; x_wconf 83' lang='lat' dir='ltr'>placitum</span> <span class='ocrx_word' id='word_1_112' title='bbox 1291 2393 1541 2468; x_wconf 90' lang='lat' dir='ltr'>convencionis</span> <span class='ocrx_word' id='word_1_113' title='bbox 1556 2419 1654 2466; x_wconf 89' lang='lat' dir='ltr'>sum-</span> 
     </span>
     <span class='ocr_line' id='line_1_17' title="bbox 447 2493 1650 2583; baseline -0.002 -12"><span class='ocrx_word' id='word_1_114' title='bbox 447 2497 624 2571; x_wconf 91' lang='lat' dir='ltr'>monitum</span> <span class='ocrx_word' id='word_1_115' title='bbox 651 2493 720 2567; x_wconf 91' lang='lat' dir='ltr'>fuit</span> <span class='ocrx_word' id='word_1_116' title='bbox 747 2495 838 2566; x_wconf 89' lang='lat' dir='ltr'>inter</span> <span class='ocrx_word' id='word_1_117' title='bbox 862 2495 1003 2568; x_wconf 90' lang='lat' dir='ltr'>eosdem</span> <span class='ocrx_word' id='word_1_118' title='bbox 1031 2495 1066 2566; x_wconf 90' lang='lat' dir='ltr'>in</span> <span class='ocrx_word' id='word_1_119' title='bbox 1093 2494 1188 2566; x_wconf 90' lang='lat' dir='ltr'>dicta</span> <span class='ocrx_word' id='word_1_120' title='bbox 1213 2494 1344 2567; x_wconf 84' lang='lat' dir='ltr'>Curia:</span> <span class='ocrx_word' id='word_1_121' title='bbox 1382 2495 1442 2582; x_wconf 90' lang='lat' dir='ltr'>ita,</span> <span class='ocrx_word' id='word_1_122' title='bbox 1478 2495 1650 2583; x_wconf 85' lang='lat' dir='ltr'>videlicet,</span> 
     </span>
     <span class='ocr_line' id='line_1_18' title="bbox 447 2594 1653 2698; baseline -0.003 -26"><span class='ocrx_word' id='word_1_123' title='bbox 447 2599 544 2698; x_wconf 92' lang='lat' dir='ltr'>quod</span> <span class='ocrx_word' id='word_1_124' title='bbox 570 2594 696 2696; x_wconf 79' lang='lat' dir='ltr'>prefati</span> <span class='ocrx_word' id='word_1_125' title='bbox 724 2595 907 2670; x_wconf 82' lang='lat' dir='ltr'>Walterus</span> <span class='ocrx_word' id='word_1_126' title='bbox 932 2612 969 2668; x_wconf 89' lang='lat' dir='ltr'>et</span> <span class='ocrx_word' id='word_1_127' title='bbox 994 2595 1209 2693; x_wconf 78' lang='lat' dir='ltr'>Margareta,</span> <span class='ocrx_word' id='word_1_128' title='bbox 1229 2595 1447 2686; x_wconf 87' lang='lat' dir='ltr'>summoniti,</span> <span class='ocrx_word' id='word_1_129' title='bbox 1467 2612 1653 2685; x_wconf 86' lang='lat' dir='ltr'>venerunt,</span> 
     </span>
     <span class='ocr_line' id='line_1_19' title="bbox 446 2696 1653 2798; baseline -0.004 -25"><span class='ocrx_word' id='word_1_130' title='bbox 446 2717 483 2773; x_wconf 91' lang='lat' dir='ltr'>et</span> <span class='ocrx_word' id='word_1_131' title='bbox 516 2713 802 2798; x_wconf 83' lang='lat' dir='ltr'>recognoverunt</span> <span class='ocrx_word' id='word_1_132' title='bbox 832 2712 945 2770; x_wconf 85' lang='lat' dir='ltr'>totam</span> <span class='ocrx_word' id='word_1_133' title='bbox 970 2721 1094 2768; x_wconf 89' lang='lat' dir='ltr'>eorum</span> <span class='ocrx_word' id='word_1_134' title='bbox 1121 2713 1256 2794; x_wconf 85' lang='lat' dir='ltr'>partem</span> <span class='ocrx_word' id='word_1_135' title='bbox 1281 2696 1475 2768; x_wconf 90' lang='lat' dir='ltr'>tenementi</span> <span class='ocrx_word' id='word_1_136' title='bbox 1506 2696 1653 2794; x_wconf 88' lang='lat' dir='ltr'>predicti</span> 
     </span>
     <span class='ocr_line' id='line_1_20' title="bbox 446 2797 1655 2901; baseline -0.003 -27"><span class='ocrx_word' id='word_1_137' title='bbox 446 2800 523 2874; x_wconf 84' lang='lat' dir='ltr'>fore</span> <span class='ocrx_word' id='word_1_138' title='bbox 534 2799 596 2901; x_wconf 90' lang='lat' dir='ltr'>jus</span> <span class='ocrx_word' id='word_1_139' title='bbox 614 2798 833 2898; x_wconf 79' lang='lat' dir='ltr'>prefatorum</span> <span class='ocrx_word' id='word_1_140' title='bbox 850 2797 994 2869; x_wconf 90' lang='lat' dir='ltr'>Thome</span> <span class='ocrx_word' id='word_1_141' title='bbox 1017 2812 1053 2869; x_wconf 94' lang='lat' dir='ltr'>et</span> <span class='ocrx_word' id='word_1_142' title='bbox 1074 2797 1246 2891; x_wconf 88' lang='lat' dir='ltr'>Johanne,</span> <span class='ocrx_word' id='word_1_143' title='bbox 1263 2812 1299 2868; x_wconf 90' lang='lat' dir='ltr'>et</span> <span class='ocrx_word' id='word_1_144' title='bbox 1322 2797 1418 2869; x_wconf 79' lang='lat' dir='ltr'>illam</span> <span class='ocrx_word' id='word_1_145' title='bbox 1445 2797 1655 2870; x_wconf 89' lang='lat' dir='ltr'>remiserunt</span> 
     </span>
     <span class='ocr_line' id='line_1_21' title="bbox 447 2897 1655 3002; baseline -0.002 -28"><span class='ocrx_word' id='word_1_146' title='bbox 447 2919 482 2976; x_wconf 91' lang='lat' dir='ltr'>et</span> <span class='ocrx_word' id='word_1_147' title='bbox 500 2901 661 3002; x_wconf 91' lang='lat' dir='ltr'>quietum</span> <span class='ocrx_word' id='word_1_148' title='bbox 679 2900 941 2972; x_wconf 82' lang='lat' dir='ltr'>clamaverunt:</span> <span class='ocrx_word' id='word_1_149' title='bbox 969 2898 1112 2971; x_wconf 89' lang='lat' dir='ltr'>tenend&#39;</span> <span class='ocrx_word' id='word_1_150' title='bbox 1135 2913 1171 2971; x_wconf 93' lang='lat' dir='ltr'>et</span> <span class='ocrx_word' id='word_1_151' title='bbox 1198 2898 1347 2973; x_wconf 87' lang='lat' dir='ltr'>habend’</span> <span class='ocrx_word' id='word_1_152' title='bbox 1364 2897 1495 2971; x_wconf 87' lang='lat' dir='ltr'>eisdem</span> <span class='ocrx_word' id='word_1_153' title='bbox 1513 2897 1655 2972; x_wconf 89' lang='lat' dir='ltr'>Thome</span> 
     </span>
     <span class='ocr_line' id='line_1_22' title="bbox 446 2998 1656 3098; baseline -0.004 -21"><span class='ocrx_word' id='word_1_154' title='bbox 446 3020 483 3077; x_wconf 87' lang='lat' dir='ltr'>et</span> <span class='ocrx_word' id='word_1_155' title='bbox 499 3002 673 3097; x_wconf 86' lang='lat' dir='ltr'>Johanne,</span> <span class='ocrx_word' id='word_1_156' title='bbox 691 2999 879 3073; x_wconf 85' lang='lat' dir='ltr'>heredibus</span> <span class='ocrx_word' id='word_1_157' title='bbox 895 3015 932 3072; x_wconf 91' lang='lat' dir='ltr'>et</span> <span class='ocrx_word' id='word_1_158' title='bbox 954 2998 1137 3098; x_wconf 81' lang='lat' dir='ltr'>assignatis</span> <span class='ocrx_word' id='word_1_159' title='bbox 1161 2998 1318 3097; x_wconf 89' lang='lat' dir='ltr'>ejusdem</span> <span class='ocrx_word' id='word_1_160' title='bbox 1344 2999 1499 3087; x_wconf 90' lang='lat' dir='ltr'>Thome,</span> <span class='ocrx_word' id='word_1_161' title='bbox 1525 2999 1656 3098; x_wconf 87' lang='lat' dir='ltr'>imper-</span> 
     </span>
     <span class='ocr_line' id='line_1_23' title="bbox 447 3099 1657 3202; baseline -0.002 -26"><span class='ocrx_word' id='word_1_162' title='bbox 447 3121 619 3202; x_wconf 90' lang='lat' dir='ltr'>petuum:</span> <span class='ocrx_word' id='word_1_163' title='bbox 658 3117 815 3200; x_wconf 80' lang='lat' dir='ltr'>preterea</span> <span class='ocrx_word' id='word_1_164' title='bbox 849 3115 1096 3173; x_wconf 88' lang='lat' dir='ltr'>concesserunt</span> <span class='ocrx_word' id='word_1_165' title='bbox 1130 3099 1237 3173; x_wconf 85' lang='lat' dir='ltr'>iidem</span> <span class='ocrx_word' id='word_1_166' title='bbox 1273 3099 1456 3173; x_wconf 80' lang='lat' dir='ltr'>Walterus</span> <span class='ocrx_word' id='word_1_167' title='bbox 1480 3116 1516 3173; x_wconf 89' lang='lat' dir='ltr'>et</span> <span class='ocrx_word' id='word_1_168' title='bbox 1554 3101 1657 3174; x_wconf 84' lang='lat' dir='ltr'>Mar·</span> 
     </span>
     <span class='ocr_line' id='line_1_24' title="bbox 448 3199 1655 3306; baseline -0.002 -30"><span class='ocrx_word' id='word_1_169' title='bbox 448 3221 565 3306; x_wconf 76' lang='lat' dir='ltr'>gareta</span> <span class='ocrx_word' id='word_1_170' title='bbox 604 3229 670 3300; x_wconf 89' lang='lat' dir='ltr'>pro</span> <span class='ocrx_word' id='word_1_171' title='bbox 706 3227 744 3276; x_wconf 85' lang='lat' dir='ltr'>se</span> <span class='ocrx_word' id='word_1_172' title='bbox 780 3218 817 3275; x_wconf 92' lang='lat' dir='ltr'>et</span> <span class='ocrx_word' id='word_1_173' title='bbox 854 3200 1042 3274; x_wconf 81' lang='lat' dir='ltr'>heredibus</span> <span class='ocrx_word' id='word_1_174' title='bbox 1079 3199 1189 3298; x_wconf 90' lang='lat' dir='ltr'>ipsius</span> <span class='ocrx_word' id='word_1_175' title='bbox 1226 3202 1430 3301; x_wconf 74' lang='lat' dir='ltr'>Margarete</span> <span class='ocrx_word' id='word_1_176' title='bbox 1464 3201 1562 3300; x_wconf 92' lang='lat' dir='ltr'>quod</span> <span class='ocrx_word' id='word_1_177' title='bbox 1590 3201 1655 3300; x_wconf 91' lang='lat' dir='ltr'>ipsi</span> 
     </span>
     <span class='ocr_line' id='line_1_25' title="bbox 448 3301 1655 3400; baseline -0.006 -20"><span class='ocrx_word' id='word_1_178' title='bbox 448 3303 728 3380; x_wconf 79' lang='lat' dir='ltr'>warantizabunt</span> <span class='ocrx_word' id='word_1_179' title='bbox 778 3318 890 3375; x_wconf 88' lang='lat' dir='ltr'>totam</span> <span class='ocrx_word' id='word_1_180' title='bbox 941 3317 1078 3400; x_wconf 76' lang='lat' dir='ltr'>partem</span> <span class='ocrx_word' id='word_1_181' title='bbox 1128 3326 1228 3374; x_wconf 85' lang='lat' dir='ltr'>suam</span> <span class='ocrx_word' id='word_1_182' title='bbox 1274 3301 1421 3400; x_wconf 87' lang='lat' dir='ltr'>predicti</span> <span class='ocrx_word' id='word_1_183' title='bbox 1464 3304 1655 3375; x_wconf 89' lang='lat' dir='ltr'>tenementi</span> 
     </span>
     <span class='ocr_line' id='line_1_26' title="bbox 448 3401 1656 3506; baseline -0.002 -26"><span class='ocrx_word' id='word_1_184' title='bbox 448 3404 725 3506; x_wconf 78' lang='lat' dir='ltr'>supranominati</span> <span class='ocrx_word' id='word_1_185' title='bbox 755 3403 899 3476; x_wconf 89' lang='lat' dir='ltr'>Thome</span> <span class='ocrx_word' id='word_1_186' title='bbox 927 3419 964 3476; x_wconf 90' lang='lat' dir='ltr'>et</span> <span class='ocrx_word' id='word_1_187' title='bbox 992 3402 1165 3496; x_wconf 85' lang='lat' dir='ltr'>Johanne,</span> <span class='ocrx_word' id='word_1_188' title='bbox 1196 3403 1297 3476; x_wconf 86' lang='lat' dir='ltr'>uxori</span> <span class='ocrx_word' id='word_1_189' title='bbox 1325 3428 1399 3494; x_wconf 92' lang='lat' dir='ltr'>sue,</span> <span class='ocrx_word' id='word_1_190' title='bbox 1418 3401 1604 3476; x_wconf 89' lang='lat' dir='ltr'>heredibus</span> <span class='ocrx_word' id='word_1_191' title='bbox 1620 3420 1656 3477; x_wconf 88' lang='lat' dir='ltr'>et</span> 
     </span>
     <span class='ocr_line' id='line_1_27' title="bbox 449 3504 1654 3606; baseline -0.004 -25"><span class='ocrx_word' id='word_1_192' title='bbox 449 3507 633 3606; x_wconf 79' lang='lat' dir='ltr'>assignatis</span> <span class='ocrx_word' id='word_1_193' title='bbox 648 3504 758 3603; x_wconf 87' lang='lat' dir='ltr'>ipsius</span> <span class='ocrx_word' id='word_1_194' title='bbox 773 3504 928 3592; x_wconf 90' lang='lat' dir='ltr'>Thome,</span> <span class='ocrx_word' id='word_1_195' title='bbox 946 3519 1069 3576; x_wconf 82' lang='lat' dir='ltr'>contra</span> <span class='ocrx_word' id='word_1_196' title='bbox 1086 3527 1208 3576; x_wconf 88' lang='lat' dir='ltr'>omnes</span> <span class='ocrx_word' id='word_1_197' title='bbox 1232 3519 1355 3604; x_wconf 87' lang='lat' dir='ltr'>gentes</span> <span class='ocrx_word' id='word_1_198' title='bbox 1382 3504 1654 3602; x_wconf 89' lang='lat' dir='ltr'>imperpetuum.</span> 
     </span>
    </p>
   </div>
   <div class='ocr_carea' id='block_1_5' title="bbox 867 3653 1245 3713">
    <p class='ocr_par' dir='ltr' id='par_1_5' title="bbox 867 3653 1245 3713">
     <span class='ocr_line' id='line_1_28' title="bbox 867 3653 1245 3713; baseline -0.005 0"><span class='ocrx_word' id='word_1_199' title='bbox 867 3653 886 3690; x_wconf 81' lang='lat'><em>*</em></span> <span class='ocrx_word' id='word_1_200' title='bbox 896 3653 964 3713; x_wconf 78' lang='lat' dir='ltr'>Lest</span> <span class='ocrx_word' id='word_1_201' title='bbox 974 3653 1062 3713; x_wconf 72' lang='lat' dir='ltr'>blank</span> <span class='ocrx_word' id='word_1_202' title='bbox 1073 3655 1103 3711; x_wconf 91' lang='lat' dir='ltr'>in</span> <span class='ocrx_word' id='word_1_203' title='bbox 1116 3655 1165 3712; x_wconf 91' lang='lat' dir='ltr'>the</span> <span class='ocrx_word' id='word_1_204' title='bbox 1179 3653 1245 3712; x_wconf 90' lang='lat' dir='ltr'>MS.</span> 
     </span>
    </p>
   </div>
   <div class='ocr_carea' id='block_1_6' title="bbox 0 0 1884 5258">
    <p class='ocr_par' dir='ltr' id='par_1_6' title="bbox 0 0 1884 5258">
     <span class='ocr_line' id='line_1_29' title="bbox 0 0 1884 5258; baseline 0 0"><span class='ocrx_word' id='word_1_205' title='bbox 0 0 1884 5258; x_wconf 95' lang='lat' dir='ltr'> </span> 
     </span>
    </p>
   </div>
  </div>
 </body>
</html>
