3728 5256
461 468 529 542 186
816 463 999 538 DOVER
1025 462 1306 538 CHARTERS

455 665 685 763 imposterum
727 663 890 753 habend’,
931 663 1086 763 exceptis
1131 664 1359 763 preexceptis,
1402 665 1665 764 imperpetuum

455 767 525 839 sint
554 765 684 839 exclusi
714 791 777 865 per
807 781 994 864 presentes,
1021 766 1170 864 predicti
1207 765 1330 866 Major
1357 781 1393 840 et
1418 765 1667 839 Communitas

454 867 547 941 dicte
573 865 656 940 ville
675 867 721 943 de
748 866 967 953 ffaversham
992 893 1058 965 pro
1081 893 1118 940 se
1142 883 1178 940 et
1203 867 1459 941 successoribus
1479 868 1562 956 suis,
1580 891 1665 939 con·

453 985 631 1042 cesserunt
648 993 709 1068 per
726 984 903 1065 presentes
919 971 1017 1069 quod
1035 969 1099 1066 ipsi
1115 967 1262 1042 reddent
1279 985 1316 1041 et
1332 969 1471 1042 solvent
1489 968 1526 1041 in
1540 965 1665 1041 futuro

452 1070 602 1169 singulis
618 1069 718 1143 annis
734 1070 903 1168 predictis
921 1070 1054 1171 Majori
1080 1086 1116 1142 et
1133 1069 1391 1144 Communitati
1409 1069 1565 1169 predicte
1583 1069 1665 1141 ville

453 1171 618 1244 Dovorre
636 1198 675 1245 ac
686 1196 807 1245 eorum
826 1171 1011 1245 heredibus
1027 1188 1063 1245 et
1080 1170 1335 1244 successoribus
1351 1195 1462 1244 unum
1479 1171 1662 1244 annualem

453 1273 633 1346 redditum
675 1273 907 1372 quadraginta
951 1273 1146 1346 solidorum
1189 1272 1440 1371 sterlingorum
1483 1273 1519 1344 in
1556 1272 1664 1345 Festo

452 1375 721 1472 Assumpcionis
747 1374 845 1448 beate
876 1375 994 1447 Marie
1019 1374 1179 1473 Virginis
1203 1374 1296 1473 apud
1323 1374 1517 1471 predictam
1543 1373 1662 1446 villam

452 1476 496 1548 de
532 1474 739 1550 ffaversham
790 1476 970 1548 annuatim
1012 1474 1221 1548 solvendum
1272 1475 1559 1573 imperpetuum:
1612 1471 1662 1546 Et

452 1575 600 1674 predicti
621 1577 742 1676 Major
762 1592 798 1648 et
816 1576 1065 1650 Communitas
1081 1576 1176 1649 dicte
1202 1576 1284 1649 ville
1301 1577 1345 1648 de
1370 1575 1579 1649 ffaversham
1597 1598 1663 1672 pro

451 1701 486 1750 se
507 1676 694 1751 heredibus
713 1693 750 1748 et
772 1676 1027 1750 successoribus
1044 1676 1116 1748 suis
1136 1701 1198 1775 per
1218 1693 1396 1774 presentes
1416 1692 1661 1750 concesserunt

451 1777 556 1851 dictis
582 1777 715 1878 Majori
741 1793 776 1850 et
794 1778 1052 1852 Communitati
1071 1777 1164 1850 dicte
1189 1775 1272 1850 ville
1289 1778 1457 1852 Dovorre
1474 1777 1661 1850 heredibus

450 1894 486 1951 et
515 1878 770 1952 successoribus
807 1879 879 1951 suis
912 1877 1011 1977 quod
1049 1879 1216 1977 quociens
1246 1878 1427 1979 continget
1461 1880 1659 1977 predictum

450 1977 633 2052 annualem
661 1979 841 2053 redditum
883 1979 1118 2078 quadraginta
1150 1979 1346 2053 solidorum
1390 1979 1482 2052 ultra
1523 1979 1660 2054 dictum

449 2079 581 2152 festum
595 2104 657 2177 per
674 2096 827 2180 quatuor
844 2079 918 2152 dies
942 2095 1058 2153 aretro
1074 2078 1162 2171 fore,
1180 2081 1216 2152 in
1234 2095 1333 2178 parte
1350 2081 1406 2153 vel
1424 2079 1460 2152 in
1478 2097 1570 2170 toto,
1588 2105 1660 2153 non

449 2182 617 2267 solutum,
652 2182 752 2280 quod
793 2195 924 2253 extunc
953 2181 1088 2255 tociens
1122 2181 1209 2254 bene
1250 2181 1350 2254 liceat
1383 2180 1488 2254 dictis
1523 2180 1659 2282 Majori

449 2297 485 2356 et
503 2281 762 2356 Communitati
773 2282 867 2355 dicte
883 2280 967 2356 ville
977 2283 1142 2355 Dovorre
1158 2279 1344 2356 heredibus
1356 2298 1393 2355 et
1405 2283 1660 2356 successoribus

448 2383 519 2456 suis
551 2381 667 2457 dictos
702 2382 882 2483 Majorem
915 2399 951 2456 et
978 2383 1281 2457 communitatem
1311 2383 1467 2480 predicte
1500 2378 1585 2458 ville
1614 2385 1659 2457 de

448 2483 658 2558 ffaversham
691 2483 836 2557 heredes
868 2501 904 2558 et
937 2509 1149 2558 successores
1180 2509 1262 2558 suos
1294 2485 1555 2582 imperpetuum
1598 2510 1659 2584 per

448 2586 567 2660 omnia
584 2584 675 2659 bona
691 2601 727 2659 et
753 2584 875 2658 catalla
899 2611 977 2672 sua,
995 2586 1032 2658 in
1057 2585 1339 2685 quibuscumque
1355 2585 1451 2659 villis
1473 2587 1548 2660 sive
1573 2585 1658 2658 locis

473 2687 606 2785 uinque
648 2703 827 2784 portuum,
870 2701 932 2758 aut
973 2712 1100 2759 eorum
1142 2685 1394 2775 membrorum,
1435 2687 1658 2761 inveniantur

447 2713 669 2888 distringere,
706 2787 760 2886 [et
793 2786 972 2884 dist]ricta
1004 2786 1054 2861 sic
1094 2805 1193 2885 capta
1230 2788 1401 2861 abducere
1433 2785 1589 2888 effugare
1621 2803 1659 2860 et

447 2906 636 2988 asportare,
654 2904 690 2961 et
707 2914 747 2961 ea
763 2887 829 2961 sub
846 2888 989 2961 nomine
1009 2888 1259 2961 Withernamii
1285 2889 1455 2977 detinere,
1473 2913 1657 2988 quousque

445 2991 532 3064 dicti
552 2991 675 3090 Major
699 3005 735 3063 et
753 2989 999 3062 Communitas
1023 2989 1117 3064 dicte
1134 2989 1218 3065 ville
1241 2989 1408 3063 Dovorre
1429 2988 1474 3063 de
1490 2989 1658 3088 predictis

447 3091 682 3191 quadraginta
724 3090 857 3180 solidis,
900 3106 937 3163 et
980 3091 1025 3164 dc
1066 3091 1232 3164 omnibus
1281 3091 1463 3190 arreragiis
1505 3091 1655 3190 predicti

447 3190 618 3281 redditus,
635 3191 741 3263 simul
759 3216 840 3265 cum
857 3191 1022 3264 omnibus
1040 3192 1137 3264 misis
1160 3207 1196 3264 et
1213 3192 1459 3290 expensisque
1476 3191 1655 3265 occasione

446 3317 518 3364 non
535 3291 724 3364 solucionis
740 3291 897 3392 ejusdem
915 3287 1075 3366 redditus
1092 3291 1332 3379 sustinuerint,
1352 3293 1506 3390 plenarie
1524 3291 1656 3366 fuerint

447 3391 637 3466 satisfacti:
667 3391 717 3465 Et
735 3409 889 3490 preterea
905 3393 1062 3490 predicte
1088 3410 1204 3491 partes
1220 3409 1460 3470 convenerunt
1479 3393 1514 3466 in
1541 3391 1656 3466 forma

445 3519 515 3594 que
548 3492 788 3608 subsequitur,
820 3493 996 3584 videlicet,
1027 3496 1125 3592 quod
1159 3519 1240 3567 cum
1275 3495 1454 3567 Dominus
1488 3494 1564 3566 Rex
1597 3496 1655 3569 vel

446 3594 590 3668 herodes
623 3617 677 3665 sus
703 3610 839 3668 certum
864 3593 1135 3693 parliamentum
1155 3620 1272 3684 suurn,
1296 3622 1317 3668 a
1341 3596 1400 3669 die
1424 3593 1656 3670 confectionis

444 3694 675 3795 presencium,
709 3692 802 3768 infra
834 3719 985 3794 regnum
1019 3695 1150 3796 Anglie
1184 3696 1375 3770 tenendum
1409 3695 1531 3770 fecerit
1557 3721 1656 3770 sum-

446 3795 586 3888 moniri,
629 3811 715 3869 tunc
748 3793 896 3894 predicti
934 3795 1056 3897 Major
1098 3813 1134 3870 et
1169 3797 1415 3871 Communitas
1451 3797 1544 3872 dicte
1572 3797 1654 3871 ville

445 3900 609 3972 Dovorre
642 3923 705 3995 per
734 3895 868 3970 litteras
908 3921 998 3986 suas,
1032 3897 1097 3970 sub
1139 3922 1263 3971 eorum
1303 3899 1422 3998 sigillo
1463 3899 1654 3999 majoratus

444 3999 621 4099 sigillatas,
640 3999 773 4098 Majori
798 4015 834 4071 et
860 3997 1120 4072 Communitati
1146 3999 1239 4073 dicte
1265 3999 1348 4072 ville
1373 4000 1418 4071 de
1444 3997 1653 4073 ffaversham

444 4101 593 4174 directas
625 4115 661 4172 et
695 4097 902 4174 deliberatae
944 4100 1080 4173 dictum
1115 4118 1250 4173 certum
1294 4100 1563 4198 parliamentum
1605 4102 1655 4173 eis

445 4201 690 4288 notificabunt,
725 4198 817 4273 infra
854 4225 914 4272 sex
941 4200 1015 4274 dies
1053 4216 1134 4297 post
1172 4200 1488 4275 summonicionem
1521 4202 1652 4275 eisdem

446 4301 579 4404 Majori
606 4318 641 4374 et
668 4299 925 4387 Communitati
951 4301 1043 4376 dicte
1070 4301 1151 4374 ville
1178 4303 1345 4378 Dovorre
1370 4303 1504 4378 virtute
1537 4303 1655 4378 brevis
