3702 5256
440 489 514 562 442
804 469 987 546 DOVER
1011 470 1291 547 CHARTERS

935 669 1153 751 CXXX.

813 840 1270 926 tttseptemnrtmeua

443 990 534 1066 Hsc
569 991 759 1070 indentura
790 1011 940 1070 testatur
999 997 1073 1071 uod
1103 995 1307 1071 Willelmus
1343 995 1497 1080 Burden,
1528 991 1652 1094 Major

443 1092 527 1166 ville
551 1110 588 1168 et
613 1111 738 1193 portus
761 1098 900 1187 Dovor,
918 1114 955 1171 et
971 1023 1088 1192 iurati
1103 1097 1253 1187 ibidem,
1271 1099 1441 1172 unanimo
1456 1119 1598 1170 assensu
1614 1111 1651 1167 et

442 1218 617 1270 concensu
647 1221 712 1296 pro
740 1213 777 1272 et
807 1199 843 1270 in
874 1199 1017 1272 nomine
1049 1198 1160 1273 totius
1198 1198 1463 1273 communitatis
1491 1195 1651 1297 ejusdem

442 1293 527 1368 ville
543 1295 780 1388 tradiderunt,
797 1317 1054 1389 concesserunt,
1071 1316 1108 1374 et
1124 1299 1168 1373 sd
1181 1297 1277 1373 feodi
1291 1299 1428 1372 firmam
1441 1297 1651 1372 dimiserunt

442 1394 585 1469 Thome
612 1397 792 1487 Wattson,
820 1401 865 1475 de
892 1399 977 1474 villa
1001 1417 1038 1476 et
1065 1417 1172 1500 portu
1189 1400 1368 1498 predictis,
1385 1401 1524 1494 Jurato,
1542 1421 1651 1471 unam

443 1497 578 1594 peciam
613 1515 718 1588 terre,
754 1525 835 1573 cum
862 1499 1028 1575 omnibus
1053 1501 1126 1576 suis
1153 1501 1387 1602 pertinenciis,
1409 1500 1586 1602 jacentem
1613 1512 1651 1571 et

443 1596 651 1673 existentem
685 1598 777 1675 infra
811 1601 1042 1692 Libertatem,
1076 1601 1171 1693 ville,
1205 1617 1241 1675 et
1271 1617 1396 1700 portus
1433 1597 1583 1700 predicti
1612 1597 1651 1670 in

445 1697 663 1773 Halvenden
693 1701 837 1790 Warde,
869 1702 906 1776 in
936 1703 1017 1777 vico
1047 1720 1173 1777 vocato
1202 1703 1412 1792 brodstrete,
1443 1703 1536 1776 inter
1553 1717 1652 1773 tene-

445 1817 605 1874 mentum
656 1801 828 1876 Willelmi
872 1803 968 1878 Calle
1013 1828 1135 1877 versus
1182 1805 1375 1893 northeast,
1425 1823 1652 1876 communem

445 1899 604 1974 venelam
634 1925 755 1976 versus
791 1904 982 1995 southeast,
1012 1919 1256 1979 tenementum
1290 1904 1461 1978 heredum
1500 1901 1651 1976 Adriani

444 1999 572 2074 White
612 2027 734 2076 versus
775 2004 978 2095 southwest,
1022 2020 1059 2080 et
1095 2004 1296 2104 predictum
1333 2005 1452 2079 vicum
1486 2017 1652 2077 vocatum

443 2101 641 2176 brodstrete
667 2127 788 2178 versus
813 2105 1029 2181 northwest:
1059 2105 1228 2182 Habend'
1245 2120 1282 2180 et
1297 2104 1441 2180 tenend’
1459 2103 1652 2204 predictam

444 2200 578 2301 peciam
607 2217 702 2276 terre
730 2229 813 2278 cum
842 2207 1007 2281 omnibus
1035 2207 1108 2280 suis
1137 2205 1361 2307 pertinenciis
1377 2203 1518 2309 prefato
1533 2205 1652 2279 Tome

446 2302 624 2397 Wattson,
660 2303 848 2380 heredibus
879 2323 915 2380 et
949 2307 1132 2408 assignatis
1160 2308 1243 2398 suis,
1272 2324 1310 2382 et
1337 2307 1382 2382 ad
1412 2330 1517 2380 usum
1541 2304 1653 2405 ipsius

444 2402 588 2478 Thome
624 2404 805 2499 Wattson,
840 2407 1013 2481 heredum
1043 2423 1079 2482 et
1108 2409 1365 2509 assignatorum
1393 2431 1553 2494 suorum,
1583 2429 1651 2503 pro

444 2503 599 2579 termino
627 2505 698 2606 rurj.
728 2531 913 2598 annorum,
943 2525 980 2582 et
1008 2508 1157 2584 ulterius
1185 2509 1229 2583 de
1246 2507 1316 2610 rutj.
1334 2531 1507 2582 annorum
1524 2507 1561 2580 in
1578 2504 1650 2606 rurj.

444 2629 620 2680 annorum
636 2621 721 2680 tunc
738 2607 986 2707 proximorum
1001 2609 1237 2710 sequentium,
1253 2635 1365 2709 usque
1387 2608 1424 2683 in
1449 2609 1557 2682 finem
1582 2623 1651 2680 ter·

445 2705 533 2779 mini
558 2707 713 2783 tunna.
735 2734 909 2784 annorum
926 2710 1169 2810 proximorum
1192 2711 1414 2810 sequentium
1431 2725 1511 2810 post
1526 2709 1652 2782 datum

445 2808 661 2906 presentium
703 2809 856 2908 plenarie
889 2809 1113 2910 complend':
1158 2809 1308 2886 faciend'
1343 2811 1426 2884 inde
1461 2809 1652 2884 servicium

443 2907 588 2982 domine
618 2925 737 2983 nostre
767 2911 889 3010 regine
916 2928 954 2986 et
980 2910 1237 2986 successoribus
1266 2911 1338 2985 suis
1355 2910 1549 2984 secundum
1566 2933 1652 2982 con-

443 3009 668 3084 suetudinem
695 3011 779 3084 ville
806 3013 962 3111 predicte
988 3037 1070 3086 cum
1096 3011 1284 3086 acciderit:
1313 3012 1365 3085 Et
1381 3007 1551 3084 reddend'
1568 3009 1652 3083 inde

444 3109 627 3184 annuatim
659 3111 792 3212 Majori
822 3129 857 3185 et
885 3113 1019 3207 Juratis
1047 3111 1142 3188 dicte
1171 3113 1254 3185 ville
1286 3111 1348 3211 qui
1387 3135 1455 3211 pro
1492 3123 1653 3207 tempore

339 3251 343 3258 ·
445 3207 580 3284 fuerint
604 3209 642 3283 in
666 3209 757 3285 festo
776 3211 1046 3313 Assumpcionis
1067 3213 1172 3287 Beate
1196 3211 1313 3285 Marie
1333 3211 1490 3311 Virginis
1506 3210 1561 3311 ijs.
1579 3209 1648 3310 vjd

443 3309 566 3410 legalis
595 3329 735 3386 monete
765 3312 922 3430 Anglie:
954 3314 1005 3388 Et
1034 3314 1062 3385 si
1093 3313 1274 3412 contingat
1303 3312 1440 3387 dictum
1465 3309 1651 3384 annualem

444 3410 625 3484 redditum
650 3411 696 3485 de
721 3411 774 3513 ijs.
801 3415 870 3514 de.
891 3439 911 3487 a
927 3430 1023 3489 retro
1040 3411 1116 3487 fore
1133 3414 1226 3488 ultra
1242 3413 1434 3486 terminum
1452 3411 1652 3512 predictum

444 3535 509 3608 per
535 3511 621 3610 xiiij.
650 3512 724 3586 dies
750 3513 945 3588 insolutum
972 3513 1009 3587 in
1037 3532 1136 3613 parte
1163 3515 1220 3588 vel
1248 3513 1285 3587 in
1302 3529 1395 3602 toto,
1411 3529 1498 3587 tunc
1513 3511 1652 3586 licitum

444 3611 514 3684 erit
532 3610 664 3711 Majori
682 3613 744 3712 qui
761 3629 848 3688 tunc
865 3639 932 3713 pro
949 3631 1109 3714 ternpore
1126 3613 1235 3689 fuerit
1252 3615 1289 3686 in
1307 3614 1500 3712 predictam
1517 3612 1652 3712 peciam

443 3726 644 3786 terrerum
673 3714 910 3811 pertinenciis,
940 3717 984 3790 sd
1014 3739 1320 3832 quorumcumque
1342 3739 1467 3788 manus
1482 3713 1652 3801 evenerit,

444 3811 627 3901 reintrare,
677 3831 714 3888 et
756 3816 898 3914 pacifice
940 3817 1118 3914 possidere
1158 3814 1230 3890 Sibi
1276 3813 1532 3890 successoribus
1581 3813 1653 3886 suis

446 3911 648 4014 Majoribus
672 3914 767 3989 dicte
793 3916 876 3991 ville
902 3916 1178 4017 imperpetuum.

463 4053 465 4056 ·
521 4013 564 4086 ln
601 4013 703 4116 cujus
739 4017 789 4090 rei
819 4018 1063 4093 testimonium
1094 4035 1166 4092 tam
1193 4017 1221 4090 si
1249 4016 1350 4090 'llum
1380 4038 1532 4089 comune
1560 4013 1654 4087 dicte

445 4113 529 4188 ville
552 4141 660 4214 quam
684 4117 841 4216 sigillum
866 4118 1015 4217 predicti
1038 4119 1181 4193 Thome
1250 4133 1366 4192 attson
1385 4116 1440 4189 his
1456 4113 1655 4190 indenturis

445 4215 644 4290 alternatim
669 4235 752 4293 sunt
776 4244 938 4318 appensa.

520 4318 656 4392 Datum
686 4319 780 4417 apud
810 4320 939 4395 Dovor
965 4318 1159 4419 predictam
1194 4333 1324 4418 quarto
1352 4316 1411 4391 die
1439 4313 1655 4416 Septembris

446 4441 540 4490 anno
578 4417 679 4519 regni
719 4419 863 4496 domine
904 4435 1023 4494 nostre
1063 4419 1248 4494 Elizabete
1280 4419 1337 4493 dei
1367 4418 1480 4518 gratia
1508 4415 1654 4515 Anglie,

447 4515 601 4691 {rnancie
627 4535 665 4692 e6t
689 4519 867 4595 Hibernie
894 4522 1039 4621 Regine,
1063 4521 1145 4596 fidei
1168 4518 1375 4608 defensoris,
1392 4533 1472 4608 etc,
1490 4516 1655 4614 septimo.

510 4644 557 4694 no
595 4641 636 4718 15
667 4643 700 4719 ς.

449 4815 530 4916 [⁶4]
