3756 5270
805 469 984 545 DOVER
1012 465 1291 542 CHARTERS

918 666 1010 746 Lx
1022 665 1066 744 X
1080 667 1098 744 1
1113 665 1131 742 1
1146 665 1178 742 Ι.

772 843 832 924 xvj
857 841 1081 920 Novembris,
1103 855 1144 920 33
1166 840 1256 906 Heu.
1278 839 1340 904 vt.

449 1006 666 1079 Novcxnrr
684 1002 839 1077 universi
853 1027 915 1100 per
932 1017 1110 1101 presentes
1122 1027 1186 1073 nos
1204 999 1412 1090 Robertum,
1430 1000 1656 1088 Nicholaum‚

448 1124 484 1180 et
508 1105 694 1200 Jacobum,
726 1104 829 1176 ffilios
862 1119 896 1176 et
940 1101 1084 1175 heredes
1110 1101 1282 1174 Willelmi
1321 1102 1433 1191 Dade,
1469 1127 1579 1200 nuper
1612 1103 1657 1174 de

450 1205 679 1304 Shaterlynge
707 1206 742 1277 in
777 1204 949 1278 Parochia
982 1204 1028 1276 de
1061 1203 1187 1300 Staple,
1218 1203 1390 1276 remisisse
1423 1202 1589 1277 relaxasse
1621 1218 1657 1275 et

450 1309 615 1400 omnino¹
634 1331 699 1404 pro
733 1305 835 1378 nobis
868 1321 904 1377 et
946 1304 1133 1377 heredibus
1166 1304 1295 1376 nostris
1329 1305 1588 1403 imperpetuum
1622 1321 1658 1376 et

449 1410 611 1510 quietum
637 1409 798 1480 clamasse
824 1406 966 1478 Thome
987 1406 1102 1492 Dade,
1120 1402 1231 1476 ffratri
1257 1422 1392 1495 nostro,
1410 1406 1447 1479 in
1473 1432 1535 1479 sua
1556 1406 1659 1502 plena

451 1511 668 1610 possessione
714 1524 831 1580 totum
862 1506 922 1608 jus
957 1522 1118 1580 nostrum
1151 1521 1282 1579 statum
1316 1524 1352 1579 et
1385 1507 1556 1580 clameum
1590 1531 1659 1604 que

453 1636 609 1711 unquam
643 1609 829 1682 habuimus
871 1606 1038 1680 habemus
1078 1633 1140 1680 seu
1181 1607 1420 1705 quovismodo
1460 1606 1660 1680 infuturum

454 1714 578 1786 habere
613 1712 815 1809 poterimus,
850 1709 894 1782 de
922 1724 957 1782 et
991 1709 1027 1780 in
1056 1734 1129 1781 uno
1155 1709 1334 1807 mesuagio
1364 1735 1424 1781 sex
1454 1710 1542 1782 acris
1569 1725 1660 1780 terre

453 1814 592 1887 arabilis
616 1827 652 1883 et
679 1811 793 1884 tribus
820 1811 908 1882 acris
933 1809 1029 1882 broci
1054 1835 1136 1882 cum
1172 1809 1243 1882 suis
1267 1809 1493 1905 pertinenciis
1517 1810 1660 1884 divisim

453 1915 609 1987 scituatis
636 1936 674 1985 ac
699 1911 896 2010 jacentibus
923 1911 959 1982 in
998 1909 1172 2008 parochiis
1201 1909 1246 1982 de
1272 1910 1388 2007 Staple
1424 1911 1591 2010 predicta,
1626 1926 1662 1982 et

454 2014 670 2112 Wyngham‚
700 2028 809 2110 prout
825 2027 918 2084 mete
943 2027 979 2083 et
1005 2011 1123 2085 bunde
1148 2010 1231 2083 inde
1258 2011 1413 2110 undique
1437 2013 1603 2086 dividunt
1626 2028 1661 2084 et

455 2117 710 2202 demonstrant,
738 2111 832 2185 unde
867 2112 1065 2210 predictum
1093 2111 1312 2211 mesuagium
1350 2113 1539 2186 scituatum
1569 2114 1663 2216 apud

454 2213 588 2289 Shaterl
616 2238 694 2312 nge,
719 2229 756 2284 et
780 2237 849 2285 una
881 2237 959 2285 acra
977 2211 1070 2311 jacet
1085 2229 1185 2285 extra
1210 2230 1347 2310 portam
1382 2214 1467 2288 dieti
1494 2212 1663 2312 mesuagii

457 2319 493 2388 in
520 2241 656 2389 duabus
676 2311 843 2412 percellis,
863 2329 899 2385 et
925 2329 995 2386 tres
1020 2315 1106 2388 rode
1128 2329 1224 2388 terre
1247 2315 1404 2411 predicte
1427 2315 1544 2415 jacent
1569 2315 1663 2412 apud

458 2417 641 2515 Lanteghe
676 2415 712 2486 in
739 2414 874 2488 duabus
900 2413 1067 2511 percellis,
1090 2433 1126 2487 et
1152 2440 1222 2488 una
1256 2440 1333 2487 acra
1353 2415 1446 2514 jacet
1469 2417 1506 2488 in
1528 2417 1664 2488 duabus

458 2517 615 2617 parcellis
644 2517 748 2616 juxta
781 2515 1001 2614 mesuagium
1043 2541 1155 2612 nuper
1189 2515 1355 2589 Edwardi
1391 2516 1595 2605 Newenam,
1629 2533 1664 2589 et

457 2645 529 2694 una
553 2619 639 2691 roda
651 2617 744 2717 jacet
765 2617 859 2714 apud
876 2615 1105 2715 Lytylstrete,
1123 2633 1159 2690 et
1184 2616 1331 2690 dimidia
1355 2643 1433 2696 acra
1453 2617 1547 2718 jacet
1570 2618 1665 2715 apud

459 2718 644 2811 Estffelde,
678 2735 714 2791 et
748 2717 895 2790 dimidia
923 2743 1001 2790 acra
1027 2718 1122 2815 apud
1151 2719 1310 2808 Orkene,
1340 2734 1376 2790 et
1410 2719 1557 2792 dimidia
1590 2744 1666 2792 acra

459 2822 553 2921 apud
571 2818 812 2917 Hobbyssole,
829 2834 866 2892 et
883 2817 1030 2892 dimidia
1054 2843 1132 2892 acra
1143 2817 1235 2918 jacet
1252 2819 1346 2916 apud
1365 2820 1668 2919 Kyngessestrete,

459 2939 495 2996 et
529 2921 678 2996 dimidia
711 2945 787 2992 acra
819 2919 914 3019 jacet
943 2920 1037 3016 apud
1077 2918 1302 3018 Brykenolle,
1336 2935 1372 2992 et
1411 2921 1558 2995 dimidia
1589 2946 1668 2994 acra

460 3040 553 3095 terre
577 3023 670 3122 jacet
689 3021 794 3121 juxta
811 3019 1184 3117 Welmystonecrosse,
1200 3035 1237 3092 et
1253 3037 1326 3093 tres
1341 3045 1418 3092 aere
1437 3021 1531 3096 broci
1550 3023 1668 3122 jacent

457 3123 552 3222 apud
583 3123 736 3220 Byholte
765 3121 802 3194 in
830 3119 994 3218 parochia
1023 3121 1068 3193 de
1102 3118 1217 3217 Staple
1252 3121 1432 3218 predicta:
1478 3125 1528 3196 ita
1567 3123 1666 3222 quod

461 3249 523 3296 nee
560 3247 624 3295 nos
659 3222 846 3310 Robertus,
889 3220 1095 3310 Nicholaus,
1122 3237 1158 3294 et
1192 3221 1356 3315 Jacobus‚
1400 3225 1561 3321 predicti,
1605 3250 1667 3297 nee

461 3324 605 3397 heredes
640 3321 751 3395 nostri
782 3347 845 3394 nec
887 3322 1013 3420 aliquis
1055 3323 1143 3395 alius
1182 3323 1324 3395 nomine
1366 3340 1500 3414 nostru,
1534 3325 1668 3424 aliquid

461 3425 548 3522 juris
572 3440 683 3496 status
707 3438 744 3494 et
767 3420 887 3494 clamei
913 3423 950 3494 in
979 3423 1146 3520 predictis
1171 3424 1350 3523 mesuagio
1376 3449 1436 3497 sex
1465 3425 1551 3498 acris
1577 3442 1670 3498 terre

461 3524 601 3600 arabilis
627 3539 663 3597 et
692 3521 805 3596 tribus
832 3522 920 3595 acris
947 3523 1042 3597 broei
1071 3549 1152 3597 cum
1179 3525 1251 3596 suis
1278 3525 1511 3620 pertinenciis,
1542 3553 1605 3599 nec
1632 3527 1669 3599 in

463 3627 579 3725 aliqua
596 3625 678 3698 inde
695 3622 852 3722 parcella,
870 3623 914 3696 de
932 3641 1050 3697 cetero
1074 3624 1212 3723 exigere
1235 3625 1382 3698 clamare
1408 3651 1468 3699 seu
1486 3627 1670 3701 vendicare

463 3727 658 3826 poterimus
683 3723 895 3813 infuturum,
922 3741 975 3797 set
1000 3724 1044 3797 ab
1078 3725 1174 3798 omni
1210 3727 1350 3799 accione
1371 3727 1462 3826 juris
1494 3744 1606 3801 status
1635 3747 1670 3803 et

464 3827 584 3903 clamei
603 3826 685 3899 inde
701 3826 842 3923 petend’
859 3824 968 3898 simus
981 3825 1110 3899 exclusi
1127 3827 1387 3926 imperpetuum
1406 3854 1466 3925 per
1484 3846 1670 3928 presentes.

541 3929 582 4002 ln
623 3928 723 4028 eujus
758 3928 808 4000 rei
852 3927 1094 4000 testimonium
1134 3927 1354 4024 presentibus
1393 3929 1508 4028 sigilla
1552 3948 1671 4003 nostra

464 4028 702 4129 apposuimus.

541 4131 634 4204 Data
667 4144 768 4202 sexto
800 4128 939 4202 decimo
972 4127 1031 4202 die
1060 4129 1276 4201 Novembris
1309 4155 1403 4202 anno
1436 4132 1535 4230 regni
1566 4133 1673 4233 Regis

467 4231 630 4322 Henrici,
648 4230 737 4303 sexti
752 4246 831 4326 post
849 4246 1081 4328 conquestum
1099 4230 1241 4329 Anglie,
1261 4231 1438 4304 tricesimo
1455 4233 1575 4306 tercio.

548 4333 635 4405 Hiis
664 4329 837 4404 testibus:
879 4329 1020 4402 Thoma
1062 4332 1239 4428 Bertyne;
1274 4331 1459 4405 Willelmo
1494 4336 1672 4432 Bertyne;

468 4433 621 4506 Ricardo
646 4433 772 4518 Dade;
800 4431 986 4503 Willelmo
1011 4431 1138 4520 Dade;
1164 4431 1297 4525 Jacobo
1319 4434 1496 4530 Bertyne;
1531 4451 1567 4507 et
1585 4435 1671 4510 aliis.

466 4531 574 4635 [14¹]
