3738 5304
458 513 532 586 300
817 486 998 562 DOVER
1025 486 1305 562 CHARTERS

457 706 557 766 extra
590 714 734 764 manum
762 690 908 790 regiam,
941 706 1021 764 ante
1063 690 1264 789 predictum
1299 691 1407 782 diem,
1442 689 1550 764 factas
1591 691 1666 764 sive

456 807 696 892 perpetratas:
723 815 763 864 ac
788 791 907 865 omnis
931 791 1048 866 exitus
1073 809 1108 865 et
1133 791 1289 892 prolicua
1313 791 1507 866 eorundem
1528 816 1667 866 maner-

455 893 574 967 iorum
592 910 765 966 terrarum
782 908 1070 967 tenementorum
1087 894 1346 992 possessionum
1360 910 1396 966 et
1407 893 1667 968 hereditarnen-

458 1012 588 1082 torum,
606 1011 641 1068 et
659 992 845 1095 cujuslibet
870 995 952 1069 inde
970 993 1130 1094 parcelle,
1147 1012 1227 1069 ante
1243 995 1444 1093 predictum
1461 995 1666 1069 vicesimum

457 1095 607 1170 tercium
642 1097 737 1171 diem
772 1096 918 1195 Aprilis,
954 1120 1017 1194 per
1049 1096 1144 1194 ipsos
1180 1095 1370 1190 Maiorem,
1407 1095 1593 1186 Ballivum,
1630 1113 1666 1168 et

459 1196 765 1274 communitatem
795 1214 856 1271 aut
883 1221 946 1295 per
971 1222 1231 1297 quemcumque
1265 1197 1376 1271 aliurn
1402 1213 1566 1296 percepta
1591 1198 1665 1270 sive

457 1315 620 1396 recepta:
646 1324 685 1372 sc
710 1299 828 1372 omnia
844 1299 960 1372 exitus
979 1313 1015 1371 et
1032 1297 1189 1396 prolicua
1213 1298 1409 1373 eorundem
1428 1298 1664 1372 maneriorum

457 1416 631 1474 terrarum
674 1415 958 1474 tenementorum
1008 1417 1043 1473 et
1090 1399 1450 1474 hereditamentorum
1492 1425 1667 1499 quorum·

458 1524 621 1601 cumque,
655 1519 735 1574 ante
777 1499 929 1575 eundem
972 1501 1079 1592 diem,
1114 1501 1302 1574 crescentia
1341 1501 1415 1574 sive
1454 1503 1669 1600 emergentia

460 1601 604 1702 Majori,
632 1601 779 1693 Ballivo,
798 1618 833 1675 et
859 1603 1118 1676 Communitsti
1145 1603 1270 1677 damus
1293 1619 1330 1675 et
1355 1602 1580 1676 concedimus
1604 1626 1667 1701 per

458 1720 635 1802 presentes
660 1702 808 1777 habend'
826 1718 862 1777 et
886 1703 1100 1801 percipiend’
1125 1719 1196 1776 tam
1217 1728 1279 1801 per
1299 1727 1425 1776 manus
1450 1729 1538 1794 suas,
1556 1729 1664 1803 quam

458 1829 520 1902 per
546 1829 670 1878 manus
694 1820 911 1878 escaetorum
938 1804 1148 1878 ballivorum
1183 1804 1422 1877 firmariorum
1447 1821 1482 1878 et
1516 1829 1663 1921 occupa·

457 1923 578 1978 torum
612 1906 818 1994 eorundem,
855 1905 929 1978 sive
971 1904 1119 2005 alicujus
1160 1906 1368 1992 eorundem,
1402 1905 1477 1978 sive
1519 1905 1666 2006 alicujus

459 2004 618 2104 parcelle,
644 2004 775 2105 absque
810 2021 979 2104 compoto
1011 2031 1072 2079 seu
1107 2005 1227 2105 aliquo
1261 2006 1330 2078 alio
1357 2007 1440 2079 inde
1474 2005 1577 2080 nobis
1610 2005 1667 2080 vel

458 2104 644 2179 herodibus
687 2107 816 2180 nostris
857 2107 1028 2181 reddend’
1071 2105 1228 2181 solvend'
1266 2109 1322 2179 vel
1365 2103 1527 2180 faciend’.
1604 2109 1664 2180 Ac

460 2207 626 2279 lusurrn
666 2208 913 2304 perdonamus,
957 2205 1173 2280 remittimus
1214 2223 1250 2280 et
1300 2205 1494 2281 relaxamus
1534 2207 1666 2282 eisdem

461 2307 610 2407 Majori,
646 2307 795 2395 Ballivo,
829 2323 865 2380 et
901 2306 1158 2381 Communitati
1202 2332 1325 2381 omnes
1366 2324 1403 2382 et
1444 2310 1667 2383 omnimodas

458 2408 683 2496 intrusiones,
700 2409 993 2506 transgressiones
1009 2426 1045 2482 et
1070 2410 1259 2509 ingressus,
1277 2434 1339 2506 per
1357 2411 1451 2507 ipsos
1473 2409 1666 2510 Majorem,

459 2507 645 2598 Ballivum,
664 2525 699 2582 et
730 2509 1033 2583 Communitatem
1057 2509 1094 2582 in
1121 2533 1347 2610 quecumque
1375 2511 1529 2584 maneria
1557 2528 1669 2585 terras

459 2627 659 2685 tenementa
675 2610 910 2709 possessiones
927 2637 988 2686 seu
1006 2610 1284 2685 hereditamenta
1302 2627 1432 2700 nostra,
1444 2629 1504 2685 aut
1521 2613 1668 2713 alicujus

459 2711 729 2812 progenitorum
747 2729 966 2802 nostrorum,
985 2737 1121 2786 necnon
1138 2738 1447 2813 quorumcumque
1464 2713 1667 2787 tenencium

460 2831 676 2910 nostrorum,
707 2829 768 2887 aut
798 2813 997 2887 tenencium
1031 2814 1179 2914 alicujus
1208 2814 1446 2914 progenitoris
1479 2815 1552 2887 sive
1586 2839 1668 2913 pre·

460 2916 683 2990 decessorum
717 2931 931 3006 nostrorum,
967 2915 1005 2987 in
1043 2915 1202 2989 custodia
1244 2930 1372 3004 nostra,
1417 2940 1479 2988 seu
1520 2915 1669 3015 alicujus

460 3017 730 3115 progenitorum
756 3031 971 3108 nostrorum,
989 3016 1221 3089 existencium
1239 3041 1301 3088 seu
1322 3041 1394 3090 non
1411 3017 1639 3090 existencium
1657 3045 1664 3089 :

459 3142 497 3189 ac
520 3118 742 3191 omnimodas
767 3117 947 3218 rapciones
971 3117 1205 3192 abducciones
1229 3133 1266 3190 et
1291 3119 1472 3215 capciones
1497 3143 1666 3216 quarum-

459 3243 610 3317 cumque
640 3220 809 3293 heredum
835 3219 1036 3293 tenencium
1073 3236 1278 3292 nostrorum
1308 3233 1370 3292 aut
1404 3217 1552 3317 alicujus
1584 3243 1669 3316 pro-

459 3318 630 3417 genitoris
647 3321 757 3392 nostri
776 3319 832 3391 vel
849 3320 999 3393 aliorum
1018 3343 1344 3418 quorumcumque,
1363 3318 1474 3407 nobis,
1486 3333 1547 3391 aut
1564 3319 1668 3393 alicui

458 3420 726 3519 progenitorum
757 3436 959 3494 nostrorum
989 3420 1255 3518 pertinencium,
1286 3436 1368 3493 ante
1401 3420 1537 3492 dictum
1571 3421 1666 3496 diem

460 3518 569 3592 factas
608 3535 643 3593 et
681 3519 839 3594 habitas:
881 3547 920 3595 ac
957 3546 1081 3594 omnes
1118 3522 1205 3594 fines
1247 3537 1283 3594 et
1326 3517 1564 3594 forisfacturas
1602 3546 1669 3619 pro

461 3620 657 3720 maritagio,
691 3637 752 3695 aut
796 3620 925 3711 valore,
955 3639 1017 3697 aut
1051 3622 1185 3719 duplici
1228 3623 1357 3710 valore,
1402 3621 1668 3722 maritagiorum

458 3723 652 3798 eorundem
671 3723 852 3811 heredum,
869 3740 905 3795 et
930 3748 1054 3796 eorum
1080 3721 1279 3823 cujuslibet,
1297 3740 1378 3797 ante
1403 3723 1558 3796 eundem
1574 3723 1668 3798 diem

460 3823 730 3900 maritatorum:
756 3823 806 3898 Et
823 3849 928 3897 omne
947 3825 984 3898 id
1001 3824 1100 3924 quod
1117 3825 1161 3898 ad
1179 3848 1243 3896 nos
1257 3825 1292 3896 in
1308 3824 1372 3897 hac
1388 3839 1486 3921 parte
1503 3823 1670 3922 pertinet,

460 3949 521 3999 seu
539 3925 715 4023 pertinere
731 3925 846 4013 debet,
864 3941 926 3998 aut
952 3924 1152 4000 debuisset:
1181 3949 1220 3998 ac
1237 3925 1356 3998 omnia
1377 3925 1492 3998 exitus
1507 3925 1670 3999 redditus

461 4027 687 4100 terenciones
714 4042 750 4099 et
776 4025 935 4124 proficua
967 4026 1130 4100 omnium
1155 4025 1407 4124 premissorum
1437 4051 1500 4124 per
1527 4027 1670 4099 eosdem

461 4127 651 4228 Majorem,
679 4127 864 4216 Ballivum,
896 4145 931 4202 et
958 4127 1262 4201 Communitatem
1288 4144 1368 4200 ante
1392 4128 1543 4201 eundem
1574 4128 1668 4202 diem

460 4245 623 4326 percepta
638 4245 674 4302 et
692 4228 809 4302 habita
825 4253 835 4315 ;
861 4245 896 4302 et
914 4229 1037 4302 eadem
1052 4228 1214 4302 redditus
1230 4228 1456 4302 revenciones
1468 4245 1504 4302 et
1516 4229 1672 4328 proficua

459 4329 592 4404 eisdem
619 4330 765 4429 Majori,
785 4330 934 4418 Ballivo,
952 4346 987 4404 et
1014 4329 1272 4403 communitati
1298 4330 1423 4404 damus
1448 4347 1484 4404 et
1510 4329 1669 4404 coneedi-
