3702 5256
438 407 511 499 426
800 407 979 483 DOVER
1005 407 1285 483 CHARTERS

436 622 473 680 et
492 606 696 697 Katherina,
713 631 803 680 uxor
826 607 911 708 ejus,
939 607 1020 681 huic
1045 609 1199 707 presenti
1225 607 1359 709 scripto
1384 623 1508 683 nostro
1531 608 1651 708 sigilla

439 723 558 782 nostra
573 706 812 806 apposuimus.

513 807 607 882 Data
631 806 728 906 apud
752 808 881 880 Dovor
906 805 978 880 xvi.
1004 806 1063 881 die
1084 807 1223 982 Aprilis
1248 833 1342 883 anno
1366 807 1465 908 regni
1488 808 1649 881 Domine

439 923 559 981 nostre
585 907 780 996 Eiizsbete,
807 905 864 981 dei
891 907 1009 1006 gracia
1034 911 1122 1008 Ang
1135 910 1179 999 ie,
1209 909 1364 997 ffrsncie,
1398 927 1434 982 et
1468 908 1649 984 Hibernis

440 1007 586 1107 Regine,
604 1008 687 1084 fidei
704 1006 913 1098 defensoris,
930 1025 1011 1098 etc,
1027 1009 1168 1109 quinto.
1220 1012 1332 1084 Anno
1352 1033 1367 1083 1
1375 1015 1422 1107 56
1425 1031 1459 1104 3.

514 1184 556 1257 ln
573 1183 688 1258 dorso:
713 1183 875 1257 Pactam
897 1185 932 1256 in
957 1199 1099 1280 ternpore
1125 1185 1328 1282 sigillationis
1353 1203 1386 1258 at
1407 1184 1650 1258 deliberationis

432 1287 655 1380 presentium:
684 1284 767 1358 John
786 1283 953 1357 Hawlrins
970 1282 1051 1380 (?);
1081 1286 1165 1359 John
1184 1285 1323 1377 Dawas,
1340 1285 1449 1360 Tosne
1467 1286 1625 1383 Sergranr
1635 1314 1649 1372 ;

443 1387 595 1459 Willianr
615 1385 756 1483 Knyglrt,
775 1383 887 1460 Tauno
911 1383 1045 1462 Clarke.

443 1531 554 1632 [1⁵⁵]

854 1707 1234 1793 :aneensem

1027 1891 1062 1940 u.

439 2017 583 2092 Scrnur
600 2030 777 2116 presentes
791 2030 828 2089 et
845 2012 958 2089 futuri
985 2015 1084 2114 quod
1110 2039 1186 2107 nos,
1215 2013 1393 2089 Robertus
1419 2014 1577 2114 Hedley,
1603 2016 1650 2090 de

440 2116 523 2190 villa
549 2132 586 2191 et
612 2131 722 2214 portu
749 2117 888 2204 Dovor,
916 2114 953 2188 in
980 2115 1153 2188 comitutu
1179 2115 1325 2206 Kancie,
1352 2115 1572 2217 shipwright,
1611 2135 1649 2190 ct

441 2217 647 2308 Katherina,
677 2240 768 2290 uxor
797 2215 883 2317 ejus,
914 2214 986 2289 filis
1009 2230 1047 2289 et
1071 2215 1173 2289 heres
1198 2215 1376 2292 Willelmi
1401 2217 1648 2315 Spurnestone,

442 2343 491 2391 nu
537 2343 555 2392 r
571 2317 616 2392 de
633 2317 760 2392 Dovor
777 2317 946 2416 predicta,
961 2313 1135 2407 defuncti,
1152 2341 1220 2414 pro
1236 2332 1333 2391 certa
1349 2318 1494 2416 pecunie
1510 2343 1650 2392 summa

443 2443 491 2493 no
516 2419 545 2492 is
562 2443 624 2519 per
640 2419 840 2514 Johannem
857 2417 983 2506 Lucas,
1001 2416 1047 2491 de
1064 2416 1148 2490 villa
1164 2433 1201 2492 et
1221 2433 1329 2518 portu
1354 2418 1533 2516 predictis,
1551 2419 1650 2517 ship-

441 2519 583 2619 wright,
599 2519 688 2594 bene
704 2535 740 2592 et
758 2516 910 2594 fideliter
926 2541 989 2618 pre
1006 2518 1167 2593 munibus
1188 2519 1315 2608 soluta,
1335 2543 1375 2592 sc
1399 2518 1475 2591 aliis
1498 2519 1651 2594 diversis

441 2618 784 2694 considerationibus
817 2617 950 2693 'nobis
982 2617 1178 2717 specialiter
1209 2617 1446 2708 moventibus,
1472 2619 1649 2711 dedimus,

442 2721 688 2808 concessimus,
721 2736 759 2794 et
790 2718 857 2792 hac
890 2718 1043 2817 presenti
1077 2735 1170 2793 carta
1203 2735 1323 2792 nostra
1364 2719 1650 2795 confirmavimus

442 2820 582 2920 prefato
609 2820 764 2916 Johanni
795 2820 922 2913 Lucus,
951 2817 1138 2894 heredibus
1165 2835 1202 2893 et
1224 2820 1407 2920 assignatis
1432 2821 1505 2894 suis
1519 2821 1650 2921 imper-

443 2939 604 3020 petuum,
633 2937 754 2996 totum
784 2919 876 2994 illud
905 2944 1041 2993 novum
1069 2918 1259 3020 gardinum
1291 2945 1373 2993 curn
1412 2920 1576 2995 omnibus
1613 2939 1650 2998 et

442 3023 592 3122 singulis
607 3022 679 3096 suis
704 3020 938 3119 pertinenciis,
967 3020 1158 3095 scituatum
1178 3019 1354 3121 jacentem
1380 3037 1416 3095 et
1440 3022 1651 3097 existentem

443 3121 536 3197 infra
564 3121 762 3196 libertatem
792 3119 877 3194 ville
905 3137 942 3195 et
972 3138 1097 3219 portus
1131 3121 1372 3219 predictorum
1414 3121 1450 3195 in
1493 3123 1651 3223 Georges

444 3222 589 3313 Warde,
606 3221 784 3311 videlicet,
810 3221 902 3295 inter
927 3245 1153 3295 communem
1179 3222 1273 3296 viam
1298 3247 1420 3296 versus
1444 3224 1651 3317 northwest,

442 3324 475 3396 le
493 3321 585 3396 cliffe
602 3347 723 3396 versus
739 3321 930 3410 southesst,
942 3337 1073 3396 terram
1090 3320 1237 3396 domine
1252 3341 1373 3397 nostre
1390 3324 1521 3423 regine,
1539 3349 1652 3423 nuper

444 3423 681 3523 pertinentem
718 3423 762 3496 ad
800 3422 950 3496 domum
987 3422 1044 3495 dei
1083 3425 1206 3496 Dover
1237 3422 1404 3521 predicte,
1434 3442 1593 3498 vocatam
1619 3424 1651 3497 le

446 3524 590 3598 Maison
607 3524 713 3613 Dieu,
731 3523 840 3596 modo
857 3522 893 3594 in
911 3521 1143 3620 occupacione
1159 3522 1303 3596 Thome
1316 3523 1516 3612 Cockerell,
1528 3550 1652 3600 versus

443 3623 637 3698 southwest
660 3639 697 3696 et
724 3624 928 3696 northeast:
956 3624 1054 3722 quod
1079 3624 1225 3722 quidem
1252 3625 1442 3722 gardinum
1472 3651 1553 3699 cum
1571 3651 1652 3724 per-

444 3724 606 3800 tinenciis
622 3724 781 3822 predicta
802 3723 1007 3816 Katherina,
1025 3748 1138 3823 nuper
1162 3723 1286 3798 habuit
1312 3741 1352 3798 ut
1379 3725 1478 3798 heres
1501 3726 1652 3824 predicti

445 3824 618 3900 Willelmi
643 3825 892 3923 Spurnestone,
919 3824 1027 3923 patris
1052 3825 1130 3898 sui:
1158 3823 1328 3898 Habend'
1353 3841 1390 3898 et
1413 3827 1554 3902 tenend’
1571 3852 1652 3927 pre-

444 3926 581 4002 dictum
605 3925 796 4025 gardinum
823 3949 904 3999 cum
930 3923 1154 4022 pertinenciis
1180 3924 1319 4023 prefato
1344 3925 1498 4020 Johsnni
1525 3928 1652 4020 Lucas,

445 4026 634 4102 heredibus
670 4043 706 4102 et
739 4025 922 4126 assignatis
950 4025 1032 4113 suis,
1063 4025 1108 4098 ad
1137 4049 1242 4098 usum
1276 4025 1433 4126 ejusdem
1471 4028 1655 4123 Johannis,

445 4128 616 4202 heredum
645 4143 682 4201 et
711 4125 971 4226 assignatorum
1000 4150 1147 4200 suorum
1176 4127 1464 4227 imperpetuum:
1503 4126 1654 4205 faciend’

446 4229 529 4304 inde
555 4227 744 4303 servicium
769 4227 915 4301 domine
940 4241 1060 4300 nostre
1087 4225 1208 4326 regine
1235 4243 1272 4301 et
1298 4228 1556 4303 successoribus
1582 4230 1654 4304 suis
