3726 5256
448 478 495 565 84
808 471 984 546 DOVER
1010 469 1289 546 CHARTERS

448 673 625 748 Pencrrn
654 688 753 749 tenta
779 673 824 748 ad
851 670 1045 747 Ecclesiam
1070 669 1185 746 sancti
1202 668 1324 766 Jacobi
1349 670 1396 746 de
1412 674 1580 747 Dovorra
1596 675 1655 749 die
1847 569 1850 792 i

493 797 595 894 Jovis
632 795 798 898 proximo
834 813 916 898 poet
953 795 1086 872 festum
1119 795 1335 872 inventionis
1363 797 1487 872 Sancte
1518 798 1654 890 Crucis,

495 949 590 999 anno
617 923 724 1025 rurxij,
755 937 821 998 etc.

519 1120 697 1214 Johannes
714 1119 759 1193 de
776 1121 881 1192 Mare
899 1136 1071 1193 mercator
1087 1119 1132 1193 de
1147 1119 1261 1213 Janua
1279 1133 1315 1193 et
1330 1118 1456 1193 Petrus
1477 1120 1654 1214 Johannes

755 1235 929 1295 mercator
946 1221 991 1294 de
1008 1219 1182 1295 fflorentia
1198 1235 1234 1294 et
1251 1218 1334 1293 socii
1348 1221 1402 1294 sui
1415 1247 1477 1321 qur
1466 1221 1654 1294 tulerunt

447 1322 695 1399 Misericordia.
757 1321 876 1397 biliam
905 1346 1028 1396 versus
1057 1321 1238 1422 Majorem
1267 1319 1444 1396 Ballivum
1478 1337 1513 1396 et
1542 1322 1653 1396 Com-

756 1424 967 1497 munitatem
1009 1421 1104 1497 Ville
1144 1423 1189 1496 de
1231 1421 1414 1498 Sandwico
1456 1448 1528 1497 non
1570 1439 1654 1497 sunt

446 1539 636 1624 presentes.
689 1523 826 1599 Ideo
817 1523 884 1622 ipsi
926 1539 963 1598 et
1005 1523 1114 1640 plegii
1156 1522 1223 1612 sui,
1267 1523 1433 1599 videlicet
1477 1524 1654 1599 Robertus

447 1626 609 1727 Lynham
626 1639 662 1699 et
677 1625 855 1719 Johannes
872 1623 1032 1699 Geffrui
1024 1651 1061 1698 ιιι
1079 1623 1326 1700 misericordia.

522 1823 741 1896 Mandatum
753 1819 822 1896 fuit
835 1821 972 1897 Ballivo
983 1837 1019 1894 et
1033 1821 1175 1938 Majori
1179 1821 1223 1896 de
1234 1821 1415 1895 Sandwico
1424 1822 1523 1922 quod
1533 1821 1654 1896 venire

445 1921 579 1996 faciunt
605 1922 667 1998 xii.
697 1921 829 2040 probos
857 1939 894 1997 et
921 1922 1051 2022 legales
1079 1921 1240 1997 homines
1270 1923 1368 2022 quod
1398 1939 1513 1996 essent
1542 1923 1625 1999 hic
1616 1949 1653 1996 in

445 2025 597 2124 quadam
645 2025 765 2126 jurata
816 2024 909 2097 inter
943 2025 1152 2195 Johannem
1196 2024 1309 2114 Pirot,
1354 2039 1575 2124 querentem,
1618 2042 1654 2099 et

747 2125 824 2226 Ma
827 2149 926 2199 orem
979 2125 1037 2198 ille
1062 2125 1107 2198 de
1133 2124 1315 2199 Snndwico
1339 2123 1624 2200 defendentem
1615 2150 1653 2199 ιιι

445 2225 632 2399 Preceptum
653 2244 701 2300 est
747 2149 878 2324 pladite
892 2241 972 2298 tran
1033 2225 1189 2314 essionis,
1207 2241 1272 2298 etc.
1325 2226 1398 2324 Qui
1416 2226 1465 2300 sic
1482 2226 1654 2344 respond·

444 2329 489 2400 sit
502 2327 596 2400 alias.
746 2341 808 2400 ent
834 2326 987 2427 quodil
961 2326 1053 2400 dud
1082 2281 1289 2400 mandatum
1316 2327 1404 2400 adeo
1430 2328 1529 2401 tarde
1556 2329 1653 2402 venit

746 2427 846 2544 quod
863 2428 953 2503 illud
977 2427 1101 2530 exequi
1127 2453 1199 2502 non
1225 2443 1431 2526 potuerunt,
1448 2444 1515 2503 etc.
1567 2427 1654 2503 ldeo

445 2544 650 2628 preceptum
667 2542 720 2603 eet
737 2545 783 2602 sit
799 2527 892 2618 aliun,
910 2545 977 2603 etc

522 2725 738 2802 Mandatum
754 2723 824 2800 fuit
841 2725 978 2800 Ballivo
1003 2742 1040 2801 et
1066 2723 1260 2800 Batonibus
1282 2726 1327 2803 de
1348 2725 1530 2803 Sandwico
1554 2728 1653 2828 quod

747 2827 867 2902 venire
892 2825 1095 2902 fecerint
1062 2827 1110 2929 er'
1137 2828 1268 2926 probos
1293 2845 1329 2903 et
1349 2827 1476 2930 legales
1492 2829 1653 2904 homines

445 2929 633 3026 Preceptum
650 2947 701 3004 est
774 2928 847 3004 uod
858 2928 1653 3046 essenthicinquadamJuratainterMajorem

446 3031 489 3103 sit
503 3031 599 3104 alias.
747 2955 841 3103 ime
869 3032 915 3105 de
944 3030 1124 3105 Sandwico
1153 3046 1359 3131 querentem
1388 3048 1426 3105 et
1451 3031 1653 3106 Henricum

746 3131 920 3206 Wardieu
953 3129 1242 3207 defendentem
1233 3157 1270 3204 m
1324 3131 1430 3206 lecito
1459 3147 1653 3234 transgres-

444 3230 553 3305 sionis
576 3244 656 3319 ete,
680 3231 743 3348 qui
773 3231 822 3304 sic
851 3232 1067 3331 respondent
1094 3231 1228 3347 quod
1219 3157 1324 3305 illud
1333 3232 1539 3307 mandatum
1564 3235 1653 3309 adeo

446 3331 602 3407 tarde
571 3357 622 3405 ers
648 3331 746 3406 venit
763 3333 862 3432 quod
883 3332 973 3406 illud
990 3333 1115 3434 exequi
1133 3359 1206 3408 non
1222 3348 1429 3432 potuerunt,
1446 3349 1513 3409 etc.
1566 3335 1653 3412 Ideo

446 3447 651 3530 preceptum
668 3448 720 3507 cst
736 3433 782 3506 sit
798 3433 892 3525 alias,
909 3447 975 3508 etc.

748 3627 941 3702 Consimile
965 3644 1149 3703 retornum
1176 3654 1241 3727 pro
1270 3627 1413 3729 Majore
1446 3645 1482 3704 et
1515 3629 1653 3706 Ballivo

446 3729 635 3826 Preceptum
652 3745 700 3803 est
748 3729 913 3803 Dovorre
942 3729 988 3803 de
1017 3729 1254 3830 inquisicione
1281 3747 1449 3832 tangente
1472 3730 1653 3832 Majorem

447 3832 489 3902 sit
504 3831 601 3903 alias.
747 3829 791 3904 de
820 3832 997 3910 Dovorra.
1052 3831 1137 3906 ideo
1163 3849 1370 3933 preceptum
1399 3848 1452 3907 eet
1482 3833 1528 3906 sit
1557 3833 1651 3923 alias,

746 3946 812 4005 etc.

521 4128 607 4203 Dies
623 4128 727 4204 datus
747 4145 801 4204 eet
825 4130 1018 4205 Vincencio
1044 4130 1181 4220 ffinche,
1199 4129 1335 4205 Ballivo
1358 4130 1404 4204 de
1425 4127 1651 4228 Wynchelse‚

444 4256 551 4330 super
566 4232 718 4333 quadam
735 4230 942 4332 excepcione
959 4249 1000 4307 ut
1018 4232 1237 4334 premittitur
1267 4233 1301 4304 in
1319 4231 1428 4308 Curia
1453 4231 1652 4333 precedenti
