3756 5270
430 505 503 574 280
789 496 969 572 DOVER
997 496 1275 572 CHARTERS

966 799 1102 882 XCI.

809 981 843 1063 iij
868 981 965 1061 Julii,
993 996 1031 1062 14
1056 981 1147 1049 Heu.
1171 979 1253 1047 vn.

428 1135 576 1208 schir
593 1149 771 1231 presentes
787 1149 823 1208 et
844 1133 956 1208 futuri
982 1137 1081 1234 quod
1107 1160 1187 1235 ego,
1214 1133 1385 1209 Ricardus
1411 1136 1566 1219 Barowe,
1592 1131 1637 1203 de

426 1235 603 1325 Dovorra,
642 1235 725 1309 dedi
767 1235 920 1308 concessi
951 1252 998 1325 et,
1027 1237 1092 1309 hac
1122 1235 1275 1334 presenti
1309 1250 1404 1308 carta
1433 1259 1521 1320 mea,
1552 1256 1637 1305 con-

426 1335 564 1409 firmavi
581 1335 715 1430 Jacobo
729 1337 863 1430 Justice
881 1339 924 1411 de
941 1337 1076 1426 eadem,
1093 1352 1128 1409 et
1141 1337 1299 1429 isabelle,
1317 1336 1418 1410 uxori
1433 1361 1506 1422 sue,
1523 1357 1636 1406 unum

427 1436 618 1608 gDardinum
635 1461 717 1510 cum
743 1437 967 1535 pertinenciis
988 1437 1162 1539 jacentem
1181 1435 1273 1510 infra
1288 1437 1486 1510 libertatem
1505 1437 1638 1508 Portus

467 1562 593 1612 ovorre
621 1539 659 1612 in
685 1539 1010 1626 Bouremanwarde,
1038 1539 1129 1611 inter
1159 1564 1384 1613 communem
1411 1537 1586 1612 venellam
1601 1548 1637 1606 et

427 1655 558 1712 terram
576 1639 748 1712 heredum
770 1639 933 1714 Nicholai
952 1639 1050 1737 ffyne
1067 1666 1188 1714 versus
1206 1657 1302 1728 west,
1321 1657 1446 1712 terram
1466 1637 1637 1711 heredum

428 1739 514 1812 dicti
534 1739 709 1830 Nicholai,
728 1741 875 1840 Regiam
894 1757 1036 1815 stratam
1054 1757 1089 1814 et
1112 1757 1241 1814 terram
1268 1740 1437 1814 heredum
1463 1736 1635 1810 Willelmi

430 1840 604 1938 Mytrone
632 1865 754 1913 versus
784 1844 903 1930 north,
934 1859 1062 1915 terram
1085 1842 1256 1916 heredum
1283 1842 1369 1916 dicti
1400 1838 1572 1912 Willeimi
1602 1852 1639 1910 et

428 1957 558 2013 terram
588 1941 759 2015 heredum
788 1943 958 2036 Johannis
993 1945 1152 2041 Penyote
1186 1969 1307 2016 versus
1336 1957 1420 2030 east,
1446 1958 1481 2015 et
1507 1955 1637 2013 terram

428 2041 568 2116 Ricardi
596 2042 687 2116 Cant
713 2067 835 2116 versus
851 2046 1007 2116 sowthe:
1038 2043 1187 2117 habend'
1213 2061 1249 2118 et
1275 2043 1417 2117 tenend’
1438 2040 1637 2139 predictum

432 2142 653 2242 [gardinum]
694 2168 775 2216 cum
810 2144 1033 2242 pertinenciis
1071 2143 1216 2242 prefatis
1247 2145 1381 2238 Jacobo
1414 2160 1450 2215 et
1481 2141 1636 2228 lsabelle,

431 2242 618 2317 heredibus
647 2260 683 2316 et
713 2243 895 2342 assignatis
924 2245 1007 2334 suis,
1038 2243 1326 2343 imperpetuum:
1367 2242 1529 2316 ffaciend’
1556 2242 1638 2315 inde

429 2343 618 2418 servicium
648 2345 796 2418 domino
827 2346 916 2445 Regi
948 2345 1143 2418 secundum
1182 2345 1476 2419 consuetudinem
1514 2359 1639 2442 portus

429 2444 578 2544 predicti
606 2470 688 2519 cum
714 2445 890 2539 acciderit,
918 2473 957 2521 ac
984 2446 1061 2519 aliis
1081 2445 1236 2519 dominis
1252 2444 1347 2520 feodi
1375 2446 1468 2518 illius
1485 2470 1547 2544 per
1564 2470 1638 2518 ser-

430 2547 520 2620 vicia
544 2547 628 2620 inde
653 2547 703 2620 eis
728 2546 847 2621 debita
873 2565 909 2620 et
931 2547 1070 2648 dejure
1088 2562 1277 2621 consueta:
1306 2563 1342 2620 et
1358 2571 1439 2648 ego,
1457 2546 1638 2646 predictus

431 2647 603 2720 Ricardus
640 2650 776 2740 Barow,
815 2649 961 2723 heredes
995 2649 1075 2737 mei,
1111 2648 1311 2747 predictum
1337 2647 1523 2748 gardinum
1556 2672 1637 2720 cum

429 2749 653 2846 pertinenciis
669 2749 815 2848 prefatis
833 2750 967 2843 Jacobo
979 2767 1014 2823 et
1028 2749 1182 2842 isabelie,
1201 2747 1388 2824 heredibus
1404 2765 1440 2823 et
1457 2748 1639 2849 assignatis

431 2848 515 2937 suis,
534 2866 658 2923 contra
674 2875 796 2924 omnes
813 2869 936 2967 gentes
952 2850 1258 2925 warantizabimus
1275 2852 1549 2950 imperpetuum.

506 2950 549 3022 in
566 2950 666 3051 cujus
683 2951 733 3024 rei
750 2953 997 3026 testimonium
1015 2953 1097 3026 huic
1113 2952 1265 3052 presenti
1284 2968 1376 3026 carte
1393 2978 1469 3025 mee
1482 2950 1638 3050 sigillum

432 3075 551 3124 meum
568 3052 725 3150 apposui.

509 3154 604 3226 Data
630 3152 725 3251 apud
753 3154 955 3228 Dovorram
984 3153 1178 3251 predictam
1205 3153 1318 3227 tercio
1343 3153 1402 3228 die
1427 3151 1515 3247 Julii
1546 3177 1639 3224 anno

430 3253 530 3350 regni
550 3254 656 3352 Regis
674 3252 825 3327 Henrici
843 3255 982 3353 septimi
1003 3254 1144 3353 Anglie‚
1162 3271 1289 3354 quarto
1305 3254 1451 3328 decimo.

508 3352 596 3426 Hiis
620 3353 792 3428 testibus:
819 3355 981 3448 Johanne
1007 3356 1205 3454 Byngham,
1232 3371 1318 3428 tunc
1339 3354 1505 3454 Majore;
1533 3353 1640 3426 Hen-

433 3454 507 3526 rico
536 3455 677 3554 Balgy;
705 3454 859 3530 Ricardo
890 3455 1007 3542 Cant;
1036 3455 1201 3529 Henrico
1230 3471 1266 3528 at
1296 3455 1426 3544 Wode,
1458 3453 1638 3528 communi

432 3553 584 3643 clerico;
613 3553 771 3630 Roberto
789 3557 952 3654 Martyn,
970 3555 1142 3629 serviente
1160 3555 1338 3656 Majoris;
1363 3574 1399 3631 et
1416 3555 1503 3628 aliis.

431 3999 540 4098 [14⁸]
