3728 5256
459 483 529 556 160
815 479 996 554 DOVER
1022 480 1302 556 CHARTERS

967 680 1146 762 L1111.

787 837 1021 937 vjoetomts,
1047 871 1088 938 13
1111 857 1203 924 aren.
1229 857 1289 924 1v.

454 1015 603 1087 Scraur
620 1028 798 1111 presentes
814 1028 850 1085 et
866 1011 979 1087 futuri
997 1012 1096 1115 quod
1112 1038 1190 1114 ego,
1208 1013 1368 1086 Thomas
1384 1029 1419 1086 at
1437 1009 1599 1087 Crouche
1616 1014 1660 1087 de

455 1115 630 1202 Dovorra,
651 1113 747 1202 dedi,
764 1114 928 1205 concessi,
946 1131 992 1204 et,
1012 1115 1076 1189 bac
1095 1115 1249 1213 presenti
1267 1130 1361 1188 carta
1377 1139 1454 1187 mea
1470 1115 1660 1204 indentata,

453 1214 659 1289 confirmavi
687 1215 841 1309 Johanni
873 1215 976 1288 Milis
1005 1216 1049 1289 de
1079 1217 1259 1306 Dovorra,
1290 1232 1325 1290 et
1355 1215 1529 1306 Dionisie,
1559 1216 1659 1289 uxori

452 1316 538 1432 ejus,
557 1341 664 1390 unam
682 1315 866 1414 parcellam
886 1332 977 1390 terre
999 1315 1181 1418 cujusdam
1199 1317 1267 1390 orti
1286 1318 1355 1390 mei
1377 1316 1552 1418 jacentem
1570 1315 1662 1389 infra

452 1417 650 1491 libertatem
682 1417 810 1491 Portus
840 1419 1006 1491 Dovorra
1035 1419 1071 1490 in
1100 1418 1232 1474 ⁴⁸-
1259 1419 1387 1506 warde,
1416 1444 1486 1518 que
1515 1417 1662 1516 parcella

452 1534 543 1591 terre
563 1518 657 1619 jacet
683 1520 775 1592 inter
800 1534 930 1592 terram
954 1519 1125 1614 Johannis
1152 1518 1281 1616 Robyn
1299 1543 1421 1594 versus
1437 1520 1662 1609 northewest,

452 1634 488 1691 et
513 1635 644 1692 terram
670 1620 739 1692 mei
764 1619 914 1718 predicti
941 1621 1083 1694 Thome
1109 1645 1231 1693 versus
1254 1621 1472 1694 southest’et
1489 1620 1661 1710 northest,

452 1736 489 1793 et
506 1720 599 1794 inter
616 1719 747 1820 regiam
765 1737 909 1794 stratam
928 1745 1050 1794 versus
1072 1720 1295 1810 southewest,
1313 1737 1421 1820 prout
1449 1721 1532 1796 inde
1559 1721 1663 1795 metis

453 1836 488 1895 et
516 1820 646 1894 bundis
673 1822 847 1896 dividitur
874 1838 910 1895 et
938 1821 1121 1922 signatur:
1160 1823 1310 1896 habend'
1340 1838 1376 1896 et
1412 1822 1554 1897 tenend‘
1582 1848 1662 1921 pre-

453 1922 582 1996 dictam
618 1921 802 2020 parcellam
827 1938 919 1995 terre
945 1923 1011 1997 orti
1049 1923 1117 1996 mei
1144 1921 1288 2022 prefatis
1312 1923 1464 2019 Johanni
1494 1923 1597 1996 Milis
1625 1940 1662 1996 et

454 2021 627 2111 Dionisie‚
655 2023 757 2096 uxori
783 2021 868 2123 ejus,
893 2023 1081 2122 heredibus
1105 2040 1142 2097 et
1165 2049 1290 2098 eorum
1320 2025 1501 2124 assignatis
1530 2025 1663 2123 imper-

454 2140 628 2221 petuum:
657 2123 816 2197 ffaciend’
847 2125 930 2198 inde
959 2125 1147 2198 servicium
1176 2125 1313 2200 domini
1341 2125 1450 2226 Regis
1476 2151 1556 2199 cum
1573 2126 1663 2198 acci-

371 2235 374 2242 '
453 2223 547 2297 derit
563 2224 758 2297 secundum
776 2226 1069 2299 consuetudinem
1088 2243 1212 2324 portus
1224 2224 1415 2300 antedicti:
1442 2245 1479 2300 et
1492 2225 1661 2300 reddend'

454 2323 535 2399 inde
552 2325 735 2398 annuatim
753 2326 796 2399 ad
814 2324 946 2400 festum
964 2325 1171 2401 Natiuitatis
1186 2327 1303 2401 Sancti
1315 2327 1487 2422 Johannis
1507 2329 1663 2427 Baptiste

454 2425 560 2498 michi
592 2425 753 2526 predicto
782 2426 935 2516 Thome,
965 2427 1151 2502 heredibus
1179 2444 1216 2502 et
1245 2428 1428 2528 assignatis
1457 2428 1554 2520 meis,
1572 2430 1663 2502 duos

454 2526 586 2601 solidos
602 2525 714 2614 liberi,
732 2528 904 2626 perpetui,
921 2543 958 2601 et
981 2529 1137 2603 annualis
1162 2529 1346 2604 redditus:
1374 2546 1411 2602 et
1426 2529 1457 2602 si
1480 2531 1663 2631 contingat

453 2629 590 2702 dictum
607 2627 788 2703 redditum
805 2627 990 2703 annualem
1013 2630 1260 2729 predictorum
1286 2631 1308 2731 ij
1328 2655 1356 2703 s.
1383 2647 1499 2704 110110
1524 2629 1600 2704 fore
1624 2632 1661 2703 in

453 2746 551 2829 parte
580 2729 637 2803 vel
667 2729 703 2802 in
733 2745 814 2803 toto
841 2729 963 2831 aliquo
991 2757 1086 2804 anno
1115 2748 1195 2829 post
1224 2730 1356 2806 festum
1375 2731 1457 2804 inde
1474 2730 1664 2806 solutionis

453 2847 690 2930 prenotatum,
724 2846 811 2904 tunc
844 2828 932 2904 bene
964 2830 1083 2906 licebit
1117 2831 1223 2905 michi
1270 2832 1475 2931 supradicto
1508 2833 1663 2922 Thome,

453 2931 640 3008 heredibus
668 2948 704 3006 et
733 2933 917 3032 assignatis
946 2934 1047 3022 meis,
1073 2934 1109 3006 in
1136 2932 1328 3030 predictam
1359 2933 1542 3032 parcellam
1571 2950 1663 3008 terre

454 3058 537 3107 cum
555 3032 779 3134 pertinenciis
794 3034 1016 3133 distringere,
1032 3050 1069 3108 et
1090 3033 1329 3108 districciones
1352 3051 1468 3134 captas
1491 3035 1664 3110 abducere

452 3151 632 3232 asportare
647 3151 684 3208 et
699 3133 850 3208 retinere
866 3136 979 3209 donec
995 3135 1039 3209 de
1062 3136 1221 3235 predicto
1248 3135 1390 3209 redditu
1415 3151 1531 3210 110110
1554 3137 1663 3210 exist-

452 3252 545 3324 ente,
571 3261 641 3308 una
665 3260 746 3308 cum
770 3235 852 3309 inde
870 3221 1033 3334 dampnis
1058 3235 1237 3310 occasione
1263 3237 1481 3310 detencionis
1504 3237 1662 3339 ejusdem

453 3334 593 3423 habitis,
631 3335 784 3435 plenarie
821 3335 989 3410 satisfiat:
1030 3338 1057 3410 si
1097 3362 1181 3410 vero
1218 3337 1433 3438 contingerit
1462 3339 1661 3437 predictum

452 3435 639 3510 annualem
666 3436 848 3510 redditum
874 3437 1029 3511 duorum
1057 3437 1079 3538 ij
1108 3463 1135 3510 s.
1164 3438 1361 3512 solidorum
1384 3439 1432 3537 [l]
1453 3455 1569 3514 aretro
1585 3437 1663 3513 fore

453 3561 664 3635 perannum
681 3553 717 3610 et
734 3537 770 3610 xl
787 3536 861 3611 dies
879 3553 960 3636 post
978 3538 1116 3613 dictum
1133 3538 1217 3613 inde
1244 3539 1375 3613 festum
1401 3539 1600 3630 solucionis,
1626 3559 1663 3615 et

452 3637 632 3713 districcio
647 3639 821 3712 sufficiens
837 3639 881 3712 ad
894 3642 1051 3713 valorem
1067 3639 1152 3714 dicti
1173 3639 1334 3714 redditus
1350 3658 1468 3714 aretro
1483 3641 1664 3715 existentis

453 3741 489 3812 in
506 3739 663 3837 predicta
679 3738 828 3838 parcella
845 3755 937 3812 terre
949 3766 1030 3813 cum
1051 3741 1276 3839 pertinenciis
1296 3767 1516 3842 nequaquam
1533 3743 1664 3841 reperi-

452 3857 541 3930 atur,
559 3858 645 3914 tunc
662 3840 750 3913 bene
767 3840 886 3913 licebit
903 3839 1009 3914 michi
1027 3842 1232 3940 supradicto
1249 3842 1403 3932 Thomc‚
1421 3842 1607 3918 heredibus
1627 3860 1663 3917 et

452 3941 635 4042 assignatis
651 3941 749 4031 meis,
768 3942 804 4015 in
822 3942 1016 4040 predictam
1034 3943 1221 4041 parcellam
1239 3960 1329 4018 terre
1347 3969 1428 4017 cum
1441 3944 1665 4041 pertinenciis

453 4045 490 4116 in
515 4067 824 4144 quorumcumque
849 4068 974 4117 manus
999 4042 1233 4142 imposterum
1263 4044 1454 4132 devenerit,
1473 4047 1663 4146 reingredi,

453 4161 488 4218 et
504 4170 580 4218 eam
599 4144 765 4233 reseisire,
783 4159 819 4216 et
836 4169 942 4242 penes
960 4168 1026 4235 me,
1051 4146 1196 4220 heredes
1220 4160 1257 4219 et
1282 4146 1474 4245 assignatos
1501 4173 1609 4236 meos,
1626 4148 1663 4219 in

452 4271 533 4318 meo
556 4261 652 4319 statu
677 4244 827 4343 pristino
853 4245 948 4318 illam
975 4245 1128 4343 recipere
1150 4263 1186 4320 et
1205 4247 1468 4346 imperpetuum
1487 4249 1664 4346 possidere

849 4379 869 4415 ⁴*
880 4379 947 4440 Lesa
962 4379 1048 4440 blank
1063 4380 1095 4440 in
1110 4381 1161 4440 the
1179 4379 1248 4440 Ms.
