3728 5256
442 455 507 523 182
798 447 978 521 DOVER
1005 444 1286 520 CHARTERS

956 644 1047 723 LX
1062 645 1079 722 Ι
1095 645 1125 724 Ι.

810 821 849 884 xi
870 819 1046 900 Octobris,
1067 817 1088 884 8
1111 818 1202 886 Hen.
1224 817 1284 886 VI.

439 976 655 1051 Novrnrnr
685 975 839 1050 universi
874 1001 936 1072 per
972 992 1148 1074 presentes
1181 1000 1247 1064 me,
1278 975 1478 1069 Johannem
1511 975 1651 1073 Barley,

440 1077 554 1150 civem
578 1095 614 1150 et
641 1076 867 1176 pelliparium
893 1077 1093 1166 Londonie,
1119 1078 1231 1150 teneri
1257 1094 1293 1150 er
1319 1077 1468 1150 firmiter
1501 1075 1649 1176 obligari

437 1178 591 1273 Johanni
618 1179 735 1277 Lyng‚
753 1178 821 1251 civi
847 1194 883 1250 et
908 1179 1078 1276 pannario
1102 1178 1302 1267 londonie,
1319 1179 1356 1250 in
1382 1178 1651 1277 quatuordecim

438 1277 538 1352 libris
564 1279 814 1380 sterlingorum
841 1278 999 1354 solvend’
1026 1278 1142 1353 eidem
1169 1279 1321 1374 Johanni
1349 1279 1468 1378 Lyng‚
1493 1296 1555 1351 aut
1584 1304 1651 1352 suo

440 1396 537 1454 certo
561 1396 753 1470 attornato,
770 1380 957 1455 heredibus
982 1405 1043 1452 seu
1069 1379 1315 1453 executoribus
1339 1381 1421 1468 suis,
1450 1379 1567 1477 primo
1593 1381 1651 1453 die

443 1482 533 1555 Maii
552 1482 715 1579 proximo
740 1480 866 1556 futuro
878 1497 971 1656 post
987 1481 1111 1555 datum
1136 1481 1357 1579 presencium
1382 1483 1456 1554 sine
1481 1481 1650 1554 dilatione

442 1583 615 1672 ulteriori,
629 1583 672 1656 ad
691 1607 797 1682 quarn
815 1581 877 1754 ‹ppi
903 1609 959 1656 ern
983 1581 1209 1670 solucionem,
1228 1601 1268 1656 ut
1286 1582 1491 1680 predicitur,
1510 1582 1597 1655 bene
1613 1599 1651 1657 et

441 1683 592 1757 fideliter
625 1682 774 1757 faciend'
805 1709 828 1756 0
852 1684 926 1783 ligo
965 1708 1021 1755 me
1051 1683 1150 1756 heres
1179 1701 1214 1756 et
1244 1699 1447 1757 executores
1481 1708 1578 1757 meos
1611 1709 1651 1756 ac

439 1785 559 1858 omnia
576 1785 667 1858 bona
683 1809 760 1857 mea
776 1783 991 1883 ubicumque
1008 1783 1140 1858 fuerint
1157 1785 1301 1858 inventa
1317 1809 1380 1884 per
1397 1801 1582 1882 presentes,

516 1885 557 1958 In
592 1885 691 1984 cujus
724 1887 773 1958 rei
808 1885 1051 1959 testimonium
1086 1885 1306 1983 presentibus
1338 1886 1496 1985 sigillum
1530 1911 1650 1964 meum

439 1986 597 2083 apposui.

515 2086 609 2158 Data
633 2085 822 2159 undecimo
846 2086 904 2159 die
920 2085 1090 2158 Octobris
1115 2112 1209 2161 anno
1235 2089 1334 2187 regni
1356 2087 1465 2187 Regis
1483 2087 1649 2177 Henrici,

440 2187 528 2258 sexti
547 2202 626 2285 post
644 2203 889 2286 conquestum,
909 2203 1045 2262 octavo,
