3702 5256
458 441 533 513 4²0
818 419 996 494 DOVER
1021 419 1303 496 CHARTERS

457 641 767 717 quorumcumque
809 643 934 692 manus
982 618 1152 708 evenerit,
1194 617 1373 708 reintrare,
1416 617 1578 691 rehabere
1626 642 1668 690 ac

537 717 600 790 fiee
632 718 786 818 pudere
820 733 862 792 ut
895 719 933 792 in
972 734 1066 793 statu
1100 743 1165 792 suo
1198 717 1359 818 pristino,
1394 743 1434 792 sc
1466 718 1666 819 predictum

511 815 684 892 illelmum
702 819 846 894 Burden
862 835 899 893 et
915 818 1109 935 assignatos
1124 843 1209 893 suos
1224 817 1306 893 inde
1321 818 1479 894 totaliter
1494 817 1669 918 expellere

458 934 495 993 et
511 943 685 1008 amovere,
707 933 728 976 ⁵
743 918 808 994 hec
824 944 967 1020 presens
985 921 1177 994 rudentum
1194 944 1265 992 non
1281 919 1453 994 obstante

535 1018 578 1093 In
604 1019 704 1121 cujus
728 1019 778 1095 rei
804 1020 1045 1094 testimonium
1071 1036 1144 1094 tum
1169 1017 1324 1119 sigillum
1349 1043 1537 1095 commune
1558 1043 1668 1120 quarn

458 1117 617 1220 sigillum
632 1120 783 1221 predicti
796 1120 970 1196 Willelmi
986 1121 1130 1197 Burden
1146 1120 1344 1196 alternatim
1361 1136 1446 1195 sunt
1462 1145 1623 1221 appensa„

535 1221 670 1296 Datum
702 1233 786 1295 nx⁰
818 1221 876 1296 die
905 1221 1061 1322 Augusti
1098 1247 1192 1296 armo
1225 1221 1325 1320 regni
1367 1221 1512 1297 domine
1545 1237 1669 1295 nostre
1833 1223 1834 1276 ἶ

460 1319 656 1412 Elizabete,
684 1321 742 1396 dei
766 1321 883 1422 gracia
907 1323 1049 1424 Anglie,
1077 1321 1231 1412 ffnneie,
1248 1337 1285 1398 et
1313 1321 1491 1397 Hibernie
1517 1321 1668 1422 Regine,
1833 1417 1834 1428 ἵ

461 1419 543 1498 fidei
558 1420 756 1498 defensoris
771 1437 819 1513 et,
836 1439 976 1524 quarto,
993 1449 1087 1498 snno
1108 1424 1212 1522 1562.

537 1522 607 1598 Per
622 1547 691 1616 me,
708 1523 892 1623 Wyllyarn
909 1524 1065 1599 Burden.

534 1625 577 1698 In
592 1625 710 1700 dorso.-
735 1623 958 1698 Presentibus
974 1624 1011 1698 in
1028 1640 1186 1722 tempore
1201 1620 1427 1722 sigillscionis
1442 1649 1482 1698 sc
1497 1621 1667 1697 delibera-

458 1724 569 1798 cionis
593 1724 1023 1822 presentium-william
1051 1724 1138 1798 Han
1213 1739 1287 1816 ton,
1311 1723 1470 1822 Msyor3
1509 1721 1671 1798 Thomas

459 1823 625 1923 Paynter,
650 1825 746 1922 John
776 1823 949 1923 Hobday,
979 1823 1116 1900 Robert
1180 1825 1299 1922 ykun,
1325 1822 1500 1900 Cristofer
1525 1822 1668 1922 Elyott,

460 1923 637 1999 Custodes
654 1949 664 2015 ;
690 1925 848 2000 Thomas
864 1925 1031 2016 Duwkes,
1048 1949 1213 2000 common
1230 1921 1329 1998 clerk
1346 1947 1357 2014 ς
1383 1924 1452 1999 and
1468 1924 1598 2000 others
