3726 5256
429 464 474 561 5⁶
783 459 970 538 noves
996 457 1270 536 cernamus

933 763 1133 847 XXIV.

752 959 806 1008 xx
827 938 1034 1008 Decembris
1053 951 1096 1021 ιο
1117 936 1218 1006 Edu.
1243 936 1311 1005 111.

428 1095 575 1169 Scrnur
601 1110 776 1192 presentes
800 1110 837 1169 et
862 1093 977 1170 futuri
1003 1095 1128 1211 quod
1129 1117 1194 1168 nos
1219 1092 1390 1166 Ricardus
1415 1091 1574 1192 Smythe,
1599 1107 1635 1164 et

426 1197 589 1291 Johanne
614 1195 764 1286 Martin,
788 1195 953 1271 dedimus
977 1194 1213 1270 concessimus
1228 1209 1276 1285 et,
1294 1193 1357 1267 hac
1374 1194 1528 1292 presenti
1544 1207 1637 1266 carta

427 1311 556 1387 nostra,
585 1296 873 1372 confirmavimus
897 1298 1037 1371 Adame
1061 1297 1208 1412 Smytb,
1225 1295 1270 1370 de
1286 1293 1451 1394 parocbia
1466 1293 1512 1369 de
1529 1293 1634 1382 Lose,

430 1423 536 1471 unam
563 1397 697 1496 peciam
723 1415 816 1473 terre
840 1415 960 1473 nostre
989 1398 1166 1514 jacentem
1200 1395 1238 1471 in
1276 1397 1440 1494 parochia
1468 1394 1636 1495 predicta,

429 1523 550 1573 versus
575 1515 648 1572 east
673 1515 710 1572 et
734 1501 818 1574 suth
844 1501 889 1575 ad
913 1515 1026 1573 terras
1049 1497 1135 1573 dicti
1159 1497 1310 1587 Adame,
1328 1521 1449 1571 versus
1465 1496 1574 1569 north
1591 1495 1636 1569 ad

428 1617 539 1674 terras
565 1599 743 1700 Radulphi
769 1600 912 1690 Hunte,
935 1597 1091 1702 versu[s]
1108 1614 1192 1673 west
1209 1599 1254 1674 ad
1270 1597 1408 1728 regiam
1420 1597 1524 1687 viam,
1544 1597 1635 1670 sicut

428 1717 522 1774 mete
538 1716 575 1775 et
591 1701 710 1774 bunde
725 1699 893 1776 dividunt
909 1719 945 1777 et
962 1700 1230 1775 demonstrant:
1258 1698 1408 1772 habend’
1431 1714 1468 1772 et
1493 1697 1635 1773 tenend’

427 1802 622 1917 predictam
649 1802 783 1918 peciam
800 1819 892 1875 terre
917 1827 998 1876 cum
1024 1801 1208 1876 arboribus
1233 1801 1337 1874 dessu
1314 1797 1616 1973 uperstantibus
1600 1813 1636 1871 et

428 1901 819 2019 aliispertinenciissuis
828 1901 1208 2019 *predictqudame,
1215 1901 1334 1976 heredi
1360 1917 1442 1975 uset
1455 1899 1637 1998 assignatis

428 2004 512 2093 suis,
538 2003 660 2075 bene
652 2029 689 2076 rn
706 2028 789 2102 pace
800 2003 884 2120 jure
900 2002 1145 2078 hereditario'
1137 2019 1387 2102 inperpetuum
1416 2003 1462 2077 de
1487 2000 1637 2075 domino

426 2101 523 2179 feodi
539 2102 634 2177 illius
651 2129 713 2202 per
729 2103 875 2178 servicia
891 2103 974 2178 inde
989 2103 1108 2179 debita
1125 2120 1160 2176 et
1185 2120 1375 2177 consueta:
1403 2118 1439 2176 et
1465 2127 1530 2176 nos
1554 2126 1635 2201 pre-

428 2204 514 2278 dicti
540 2204 713 2279 Ricardus
737 2221 773 2278 et
796 2206 961 2298 Johanne
986 2219 1022 2278 et
1039 2203 1183 2277 heredes
1201 2203 1312 2278 nostri
1330 2202 1636 2278 warantizabimus

426 2304 623 2403 predictam
666 2306 799 2403 peciam
836 2322 929 2381 terre
966 2330 1051 2379 cum
1088 2303 1312 2404 pertinenciis
1346 2305 1421 2378 suis
1450 2303 1636 2402 predictuo

427 2407 578 2498 Adame,
608 2405 795 2480 heredibus
823 2423 859 2482 et
885 2405 1067 2507 assignatis
1096 2406 1180 2496 suis,
1210 2421 1333 2480 contra
1361 2429 1484 2480 omnes
1513 2421 1637 2507 gentes

428 2507 690 2607 inperpetuum.

503 2609 545 2682 1n
562 2608 662 2710 cujus
678 2607 729 2682 rei
746 2607 989 2682 testimonium
1003 2607 1087 2682 huic
1099 2621 1195 2682 carte
1211 2605 1367 2707 presenti
1384 2606 1501 2708 sigilla
1517 2621 1636 2680 nostra

426 2724 511 2783 sunt
527 2734 687 2809 appensa.

502 2812 595 2884 Data
607 2809 714 2925 apud
738 2807 866 2883 Lose
857 2835 895 2883 rn
919 2807 1028 2926 vigila
1051 2807 1169 2884 Sancti
1189 2805 1334 2883 Thome
1350 2805 1517 2906 Apostoli
1540 2833 1635 2882 anno

426 2911 526 3011 regni
544 2909 636 3011 regis
656 2909 838 3004 Edwardi‚
858 2910 957 2985 tercii
974 2926 1055 3009 post
1071 2935 1114 2987 co
1116 2926 1316 2998 n‚uestum
1340 2909 1509 2984 vicesimo
1526 2935 1633 2984 nono.

503 3011 589 3086 Hiis
630 3011 788 3102 testibus,
824 3012 985 3107 Johanne
1023 3028 1078 3087 ate
1116 2936 1316 3102 vienn
1294 3011 1438 3084 Thoma
1486 3010 1586 3110 Smyr
1587 3011 1634 3099 h;

427 3111 619 3306 ffalcgulpho
641 3113 797 3288 aillunttJ
823 3112 1010 3189 Willelmo
1038 3128 1093 3188 ate
1123 3111 1277 3201 Welde;
1302 3109 1489 3185 Wriielmo
1518 3111 1634 3185 Bone-

453 3239 473 3286 e
511 3238 553 3287 e·
579 3230 615 3288 et
674 3239 717 3288 ns
