3738 5304
803 487 979 560 DOVER
1007 487 1287 562 CHARTERS

994 790 1061 870 CI
1076 791 1110 869 1.

744 963 778 1044 iij
804 963 1028 1042 Novembris,
1053 975 1095 1043 35
1119 963 1211 1030 Hen.
1234 963 1336 1031 VIII.

438 1117 585 1192 Scrnur
602 1133 780 1216 presentes
796 1134 831 1190 et
854 1115 968 1190 futuri
986 1119 1085 1218 quod
1110 1143 1174 1192 nos
1190 1118 1369 1212 Johannes
1386 1116 1503 1208 Elam,
1527 1117 1649 1218 Major

439 1217 521 1290 ville
535 1235 571 1291 et
587 1219 720 1291 Portus
734 1220 912 1309 Dovorre,
931 1220 1091 1292 Thomas
1105 1219 1336 1318 Myddleton,
1354 1219 1514 1292 Thomas
1532 1217 1647 1308 Peter,

439 1321 599 1393 Thomas
633 1321 739 1410 Alen,
769 1339 805 1394 et
835 1319 1018 1394 Henricus
1047 1321 1262 1408 Harwoode,
1299 1320 1475 1394 Custodes
1502 1319 1586 1393 ville
1612 1334 1648 1392 et

439 1439 564 1518 portus
598 1421 760 1519 predicti,
794 1447 838 1493 ex
865 1421 1035 1493 unanimi
1071 1447 1210 1494 assensu
1248 1439 1284 1494 et
1319 1445 1493 1494 concensu
1534 1420 1648 1492 tocius

440 1521 718 1596 Communitatis
735 1521 819 1596 ville
844 1539 879 1596 et
897 1539 1024 1620 portus
1049 1523 1210 1619 predicti,
1227 1523 1392 1596 dedimus
1415 1521 1648 1594 concessimus

438 1640 484 1714 et,
528 1624 591 1695 hac
634 1623 785 1720 presenti
824 1641 918 1696 carta
968 1640 1088 1696 nostra
1130 1625 1320 1712 indentata,
1360 1621 1648 1696 confirmavimus

439 1683 638 1797 Edmundo
669 1725 800 1822 Mody‚
818 1749 1003 1838 generos0,
1021 1723 1150 1798 ballivo
1176 1725 1258 1796 ville
1280 1742 1316 1797 et
1340 1741 1464 1840 portus
1489 1723 1647 1820 predicti,

440 1849 545 1896 unam
579 1849 726 1899 vacuam
758 1849 890 1922 pectam
925 1843 1015 1898 terre
1049 1850 1131 1898 cum
1161 1825 1384 1923 pertinenciis
1407 1826 1583 1940 jacentem
1612 1840 1647 1896 et

441 1925 649 1996 existentem
693 1923 785 1998 infra
827 1925 1022 1998 libertatem
1064 1926 1148 2000 ville
1182 1943 1217 1998 et
1261 1943 1385 2022 portus
1425 1925 1618 2023 predicti
1610 1950 1646 1995 tn

439 2025 738 2114 Werstonwarde,
756 2026 974 2099 abuttantem
997 2053 1102 2125 super
1126 2043 1255 2100 terram
1273 2026 1448 2100 Clementi
1467 2027 1649 2124 Gregorye

439 2153 482 2200 ex
499 2125 656 2224 partibus
676 2127 837 2198 orientali
854 2144 889 2199 et
907 2126 1042 2218 boriali,
1058 2145 1094 2200 et
1114 2154 1218 2226 super
1244 2153 1469 2200 communem
1486 2127 1580 2200 viam
1603 2151 1648 2197 ex

437 2226 595 2324 partibus
611 2227 818 2301 occidentali
835 2244 871 2301 et
888 2229 1042 2318 australi,
1059 2253 1129 2328 que
1145 2228 1291 2328 quidem
1310 2254 1418 2301 vacua
1443 2230 1540 2325 pecia
1555 2244 1647 2300 terre

440 2352 559 2444 nuper
587 2329 738 2428 contigit
767 2329 851 2400 ville
885 2345 921 2400 et
956 2329 1075 2426 portui
1112 2330 1272 2427 predicto
1302 2355 1364 2427 per
1394 2354 1465 2402 non
1500 2327 1648 2401 faciend'

437 2427 627 2502 servicium
662 2430 821 2502 Domino
847 2447 972 2502 nostro
1003 2431 1091 2530 Regi
1127 2430 1322 2504 secundum
1356 2429 1647 2503 consuetudinem

439 2546 563 2629 portus
580 2530 751 2627 predicti:
781 2530 930 2604 habend'
943 2547 979 2604 et
996 2531 1136 2604 tenend’
1147 2531 1338 2628 predictam
1356 2556 1501 2605 vacuam
1516 2531 1649 2627 peciam

440 2648 531 2704 terre
549 2655 632 2704 cum
648 2631 871 2730 pertinenciis
888 2630 1025 2731 prefato
1043 2633 1240 2706 Edmundo
1259 2633 1389 2731 Mody‚
1407 2631 1597 2705 heredibus
1613 2647 1649 2702 et

440 2733 622 2831 assignatis
639 2734 711 2805 suis
713 2733 1024 2830 ,imperpetuum
1043 2731 1191 2807 faciend’
1205 2733 1286 2807 inde
1300 2733 1488 2806 servicium
1501 2732 1651 2809 domino

442 2849 564 2906 nostro
578 2834 672 2948 Regi
697 2835 893 2908 secundum
923 2835 1215 2908 consuetudinem
1243 2851 1370 2931 portus
1393 2833 1541 2931 predicti
1567 2857 1648 2904 cum

440 2933 630 3007 acciderit:
675 2935 847 3010 reddend’
887 2936 997 3008 eciam
1039 2935 1220 3008 annuatim
1257 2933 1402 3032 prefatis
1437 2932 1569 3035 Majori
1612 2948 1647 3004 et

442 3034 660 3108 Custodibus
677 3036 761 3108 ville
783 3051 819 3109 et
835 3053 958 3133 portus
979 3037 1128 3134 predicti
1146 3054 1182 3109 et
1201 3035 1457 3108 successoribus
1482 3035 1525 3109 ad
1543 3057 1648 3106 usum

440 3133 523 3207 ville
541 3152 576 3208 et
594 3151 718 3234 portus
735 3137 882 3234 predicti
900 3156 981 3210 octo
1006 3138 1166 3210 denarios
1182 3136 1435 3252 sterlingorum
1455 3137 1499 3209 ad
1517 3134 1649 3207 festum

440 3235 709 3334 Assumpcionis
730 3237 829 3312 beate
848 3237 965 3312 Marie
983 3237 1141 3337 Virginis
1158 3237 1340 3310 annuatim
1356 3235 1537 3310 solvend’:
1565 3251 1600 3308 et
1618 3236 1646 3308 si

440 3338 620 3452 contingat
637 3338 772 3411 dictum
789 3337 972 3411 annualem
991 3339 1172 3414 redditum
1185 3356 1268 3411 octo
1291 3338 1517 3411 denariorum
1534 3353 1649 3409 aretro

440 3434 554 3508 fore
547 3463 583 3509 in
607 3455 707 3536 parte
734 3441 826 3513 vel
819 3467 854 3512 m
885 3455 962 3512 toto
989 3456 1071 3539 post
1102 3438 1233 3513 festum
1263 3439 1462 3553 predictum
1490 3462 1574 3536 quo,
1608 3453 1647 3508 ut

440 3535 628 3634 prefertur,
655 3537 744 3611 solvi
771 3539 897 3612 debeat
923 3566 994 3612 non
1022 3540 1180 3614 solutum
1210 3567 1273 3639 per
1295 3538 1515 3639 quarterium
1543 3537 1649 3610 unius

440 3637 533 3726 anni,
552 3639 651 3737 quod
669 3656 801 3712 extunc
819 3640 906 3713 bene
924 3641 1041 3715 licebit
1059 3641 1203 3739 prefatis
1222 3641 1354 3742 Majori
1377 3658 1413 3713 et
1432 3639 1649 3713 Custodibus

439 3737 522 3812 ville
548 3757 584 3812 et
611 3756 737 3838 portus
761 3742 911 3839 predicti
939 3759 974 3814 et
1004 3741 1259 3816 successoribus
1287 3743 1360 3815 suis
1389 3741 1426 3813 in
1456 3740 1649 3838 predictam

440 3865 587 3914 vacuam
611 3842 744 3938 peciam
774 3858 865 3915 terre
895 3869 977 3916 cum
1005 3843 1230 3941 pertinenciis
1254 3843 1328 3916 suis
1351 3843 1520 3915 reintrare
1545 3857 1580 3913 et
1610 3841 1647 3913 in

440 3941 589 4038 pristino
622 3959 715 4016 statu
751 3943 914 4017 rehabere
957 3960 993 4017 et
1036 3945 1227 4042 possidere,
1259 3945 1322 4016 hac
1361 3943 1513 4060 presenti
1556 3959 1649 4014 carta

440 4043 621 4116 indentata
643 4060 679 4116 et
705 4044 830 4117 seisina
855 4070 959 4142 super
982 4045 1128 4120 eandem
1156 4045 1378 4119 deliberata
1370 4071 1407 4116 m
1434 4044 1649 4116 contrarium

440 4143 561 4241 aliquo
590 4145 701 4218 modo
731 4171 802 4217 non
826 4146 1011 4219 obstante:
1039 4163 1075 4219 et
1107 4172 1172 4219 nos
1200 4172 1284 4219 vero
1310 4143 1436 4245 prefati
1470 4142 1591 4260 Major
1613 4162 1649 4216 et

440 4243 616 4318 Custodes
649 4263 684 4318 et
718 4271 932 4319 successores
963 4247 1074 4320 nostri
1106 4249 1299 4347 predictam
1335 4270 1480 4319 vacuam
1515 4244 1649 4342 peciam
