3756 5270
459 487 529 559 268
820 484 996 560 DOVER
1022 483 1300 559 CHARTERS

926 682 1194 763 LXXXV.

780 877 861 924 xxx
885 859 1052 942 Augusti,
1080 869 1118 940 17
1144 857 1244 924 Edw.
1278 856 1339 924 1v.

455 1015 546 1087 Hsc
597 1015 787 1091 indentura
837 1030 988 1088 testatur
1039 1016 1137 1114 quod
1186 1015 1365 1108 Johannes
1415 1013 1664 1114 Tempylman,

451 1117 630 1210 Johannes
660 1115 812 1206 ffirllare,
843 1117 1021 1190 Robertus
1049 1115 1236 1204 Sinethiot‚
1267 1134 1303 1190 et
1334 1116 1528 1189 Nicholaus
1555 1115 1663 1213 ffyne‚

453 1217 629 1292 Custodes
654 1217 738 1290 ville
763 1219 939 1309 Dovorre,
966 1217 1122 1291 unanimi
1143 1242 1286 1290 assensu
1304 1233 1340 1290 et
1358 1241 1531 1290 concensu
1548 1217 1663 1290 tocius

453 1317 732 1392 Communitatis
757 1319 916 1419 ejusdem
943 1318 1025 1391 ville
1051 1319 1278 1393 tradiderunt
1300 1334 1545 1391 concesserunt
1565 1333 1601 1391 et
1618 1321 1661 1392 ad

452 1416 548 1494 feodi
565 1420 703 1494 firmam
721 1421 932 1494 dimiserunt
951 1419 1110 1493 Roberto
1126 1420 1301 1517 Vyncent,
1319 1420 1364 1494 de
1391 1421 1558 1491 Dovorra
1583 1444 1662 1516 pre-

452 1520 558 1610 dicta,
577 1546 684 1595 unam
701 1537 832 1594 terram
848 1546 996 1595 vacuam
1007 1521 1185 1636 jacentem
1208 1520 1300 1593 infra
1315 1520 1514 1594 libertatem
1532 1521 1663 1593 Portus

451 1623 667 1695 Dovorre
659 1649 695 1694 m
735 1623 1018 1722 Wolvyswarde,
1057 1622 1151 1695 inter
1189 1636 1320 1695 terram
1360 1621 1533 1695 Willelmi
1567 1620 1661 1692 Alan

450 1748 572 1796 versus
616 1725 789 1811 northest‚
833 1747 1060 1796 communem
1102 1723 1275 1797 venellam
1324 1747 1443 1794 versus
1487 1721 1659 1810 southest,

453 1824 601 1922 Regiam
653 1839 797 1897 stratam
848 1849 968 1898 versus
1019 1824 1225 1913 southwest,
1267 1839 1303 1896 et
1345 1839 1477 1897 terram
1518 1823 1662 1896 Thome

451 1925 586 1997 Gerves
616 1949 738 1998 versus
766 1925 983 1999 northwest:
1025 1925 1173 1998 habend'
1212 1941 1247 1997 et
1286 1924 1426 1998 tenend’
1466 1924 1660 2022 predictam

449 2042 579 2098 terram
623 2049 704 2098 cum
739 2025 811 2098 suis
849 2026 1074 2124 pertinenciis
1112 2025 1251 2122 prefato
1290 2025 1450 2098 Roberto
1483 2025 1659 2122 Vyncent,

448 2125 637 2198 heredibus
666 2142 702 2198 et
731 2127 913 2224 assignatis
942 2127 1013 2200 suis
1045 2127 1333 2225 imperpetuum:
1372 2125 1533 2200 ffaciend’
1576 2125 1658 2199 inde

448 2226 636 2301 servicium
665 2226 802 2299 domini
835 2227 943 2326 Regis
977 2229 1172 2300 secundum
1202 2227 1495 2301 consuetudinem
1559 2243 1659 2299 ortus

449 2327 598 2426 predicti
617 2352 698 2400 cum
716 2329 898 2400 evenerit:
926 2342 961 2400 et
979 2327 1149 2401 reddend’
1167 2329 1251 2401 inde
1266 2330 1448 2402 annuatim
1465 2327 1509 2401 ad
1527 2253 1659 2400 histum

448 2428 657 2501 Natiuitatis
684 2429 799 2501 Sancti
826 2428 999 2521 Johannis
1029 2428 1197 2526 Baptiste,
1227 2429 1361 2529 Maj0ri
1388 2447 1424 2501 et
1442 2428 1658 2503 Custodibus

447 2530 612 2602 Dovorre
638 2529 795 2627 predicte
821 2531 882 2628 qui
908 2555 975 2626 pro
996 2544 1157 2645 tempore
1175 2527 1308 2603 fuerint
1325 2547 1479 2629 quatuor
1496 2528 1659 2602 denarios

447 2630 605 2703 annualis
634 2631 818 2705 redditus:
846 2647 882 2703 et
909 2631 938 2702 si
967 2630 1148 2730 contingat
1175 2631 1314 2705 dictum
1334 2632 1520 2704 annualem
1536 2631 1658 2705 reddi-

447 2746 525 2804 tum
542 2748 697 2842 quatuor
713 2731 938 2806 denariorum
956 2749 1073 2805 aretro
1090 2731 1166 2806 fore
1184 2732 1277 2806 ultra
1300 2730 1431 2805 festum
1458 2731 1657 2832 predictum

446 2858 508 2932 per
535 2844 624 2906 xv⁰¹¹¹
650 2832 725 2905 dies
753 2857 825 2906 non
851 2833 1023 2922 solutum,
1049 2850 1178 2906 extunc
1204 2833 1341 2906 licitum
1368 2835 1436 2907 erit
1468 2833 1601 2950 Majori
1620 2850 1656 2906 et

445 2933 665 3008 Custodibus
682 2949 807 3031 portus
824 2933 974 3031 predicti
992 2935 1055 3033 qui
1079 2960 1145 3034 pro
1169 2951 1329 3034 tempore
1356 2933 1522 3007 fuerint
1515 2961 1551 3005 m
1576 2959 1657 3032 pre·

444 3034 579 3108 dictam
605 3051 734 3108 terram
762 3059 845 3108 cum
872 3035 944 3108 suis
972 3035 1197 3133 pertinenciis
1218 3037 1360 3108 nomine
1379 3034 1657 3108 communitatis

444 3136 602 3234 ejusdem
620 3135 704 3207 ville
722 3136 891 3208 reintrare
907 3153 943 3208 et
960 3135 1057 3210 illam
1074 3135 1239 3208 rehabere
1256 3161 1294 3208 ac
1317 3135 1458 3232 pacifice
1479 3135 1655 3232 possidere

443 3235 514 3308 iilis
530 3253 566 3308 et
582 3260 707 3308 eorum
730 3236 1019 3309 successoribus'
1011 3253 1298 3352 imperpetuum:
1326 3251 1361 3306 et
1388 3235 1536 3332 predicti
1564 3235 1593 3307 C
1596 3261 1655 3308 us-

442 3338 545 3410 todes
570 3354 606 3408 et
633 3336 882 3410 Communitas
908 3353 944 3408 et
971 3360 1184 3408 successores
1208 3337 1261 3409 sui
1296 3335 1488 3432 predictam
1523 3356 1653 3410 terram

443 3462 525 3510 cum
541 3438 614 3510 suis
635 3437 859 3536 pertinenciis
884 3435 1021 3534 prefato
1048 3437 1205 3509 Roberto
1221 3437 1397 3534 Vyncent‚
1416 3436 1601 3510 heredibus
1617 3455 1653 3510 et

443 3537 624 3637 assignatis
665 3537 739 3610 suis
775 3537 812 3610 in
850 3536 964 3610 forma
1003 3536 1171 3635 predicta,
1207 3555 1330 3610 contra
1363 3562 1488 3609 omnes
1529 3555 1652 3635 gentes

444 3636 763 3712 warantizabunt
751 3655 1027 3754 imperpetuum.

519 3738 561 3810 In
587 3739 686 3838 cujus
711 3739 762 3812 rei
786 3739 1032 3813 testimonium
1058 3753 1128 3812 tam
1153 3737 1308 3838 sigillum
1328 3737 1433 3812 officii
1452 3739 1652 3840 Majoratus

445 3843 611 3914 Dovorre
636 3839 792 3939 predicte
817 3864 923 3939 quam
948 3840 1106 3938 sigillum
1131 3839 1217 3913 dicti
1240 3839 1385 3914 Roberti
1404 3841 1567 3937 Vyncent
1584 3840 1652 3912 hiis

442 3941 641 4016 indenturis
657 3941 855 4014 alternatim
873 3956 958 4014 sunt
975 3966 1136 4039 appensa,
1154 3938 1292 4039 prefato
1309 3941 1469 4014 Roberto
1486 3941 1649 4040 Vyncent

442 4059 527 4117 tunc
548 4041 699 4143 Majore.

516 4143 611 4217 Data
645 4144 825 4216 tricesimo
858 4142 916 4215 die
953 4143 1082 4216 mensis
1112 4145 1267 4242 Augusti
1296 4169 1389 4216 anno
1414 4142 1512 4242 regni
1543 4142 1649 4241 Regis

441 4245 619 4333 Edwardi‚
635 4245 753 4344 quarti
771 4260 850 4343 post
868 4262 1102 4343 conquestum
1118 4245 1262 4346 Anglie,
1279 4245 1432 4344 septimo
1448 4243 1594 4318 decimo

445 4345 529 4443 [43]

1859 2469 1863 2566 i
