3726 5256
452 434 499 530 9s
813 431 991 507 novun
1016 429 1296 508 enarrans

957 727 1160 811 xxxi

744 927 846 1014 ulli]
867 927 1102 1012 &nmine
1122 943 1165 1012 49
1185 927 1287 998 Edu.
1309 927 1376 998 111.

452 1109 600 1184 Scrnnr
626 1125 805 1226 presentes
836 1124 873 1182 et
899 1105 1013 1182 futuri
1039 1107 1139 1208 quod
1162 1106 1342 1202 Johanncs
1360 1108 1516 1208 Monyn,
1532 1106 1661 1199 senior,

454 1211 577 1313 Major
605 1212 689 1285 ville
718 1212 894 1301 Dovorre‚
925 1223 961 1281 et
990 1207 1149 1309 ejusdem
1178 1207 1262 1283 ville
1290 1209 1417 1304 Jurati,
1447 1209 1492 1284 de
1521 1234 1660 1283 assensu

454 1313 565 1387 totius
581 1311 857 1386 communitatis
873 1325 1119 1385 concesserunt
1135 1325 1172 1384 et
1188 1309 1340 1408 presenti
1371 1325 1465 1386 carta
1480 1311 1662 1386 indentata

453 1413 499 1488 ad
524 1410 622 1488 feodi
648 1412 785 1486 ffimmn
812 1411 1022 1486 dimiserunt
1049 1409 1211 1484 Roberto
1232 1411 1396 1486 Swanton
1412 1410 1609 1504 decadem,
1625 1428 1661 1487 et

450 1514 473 1609 J
475 1514 625 1604 ohanne,
651 1513 753 1588 uxori
771 1511 859 1614 ejus,
877 1511 1055 1612 quandam
1072 1527 1202 1584 terram
1220 1536 1365 1587 vacuam
1382 1513 1552 1588 'scentem
1569 1511 1662 1587 infra

452 1615 651 1690 libertatem
678 1629 803 1714 portus
829 1616 993 1687 Dovorrc
1019 1612 1057 1685 in
1078 1613 1317 1687 Derremanne
1385 1612 1480 1707 arde,
1498 1612 1661 1689 videlicet

453 1717 547 1791 inter
558 1715 691 1817 regiam
703 1730 849 1788 stratam
859 1737 981 1787 versus
991 1713 1194 1802 southwest,
1208 1729 1244 1786 ct
1256 1712 1414 1787 salaciam
1426 1715 1531 1787 maris
1543 1739 1663 1788 versus

454 1818 644 1904 northeast‚
656 1832 692 1889 et
701 1831 830 1890 terram
840 1812 1151 1912 JohannisWylde
1160 1839 1283 1888 versus
1293 1815 1472 1889 southeast
1487 1842 1495 1887 :
1512 1814 1660 1889 habend'

454 1933 491 1992 et
507 1915 650 1992 tenend'
669 1915 863 2016 predictam
880 1932 1009 1990 terram
1037 1939 1119 1989 cum
1145 1914 1217 1988 suis
1244 1915 1468 2012 pertinenciis
1494 1916 1662 2015 predictis

455 2017 617 2093 Roberto
627 2034 664 2091 et
675 2016 848 2112 Johanne,
865 2017 968 2091 uxori
985 2015 1071 2117 ejus,
1089 2014 1276 2090 heredibus
1287 2032 1324 2088 et
1340 2041 1463 2090 eorum
1480 2017 1662 2118 assignatis

454 2118 731 2219 imperpetuum,
749 2115 898 2192 faciend'
924 2115 1008 2191 inde
1036 2115 1223 2190 servicium
1248 2117 1384 2191 domini
1410 2117 1503 2217 regis
1518 2118 1663 2218 quando

454 2220 612 2294 evenerit
626 2216 1124 2292 secundumconsuetudinem
1137 2233 1262 2315 portus
1279 2218 1428 2314 predicti
1442 2234 1477 2292 et
1490 2218 1660 2293 reddend’

456 2321 538 2394 inde
554 2318 739 2394 annuatim
755 2318 912 2418 predicte
929 2317 1186 2392 Communitati
1205 2319 1249 2392 ad
1266 2316 1397 2392 festum
1415 2319 1546 2393 Pasche
1571 2319 1661 2394 duo-

455 2420 569 2496 decim
599 2419 761 2495 denarios
786 2419 881 2494 sterli
933 2443 1038 2492 orum
1065 2417 1223 2492 annualis
1249 2419 1420 2494 redditus.
1472 2419 1608 2494 Volunt
1625 2436 1662 2493 et

456 2522 655 2597 concedunt
680 2519 829 2618 predicti
855 2519 913 2592 Ro
957 2535 1033 2592 rtus
1056 2535 1094 2592 et
1108 2519 1281 2613 Johanne,
1300 2545 1391 2594 uxor
1407 2519 1494 2621 ejus,
1511 2538 1547 2595 et
1562 2521 1663 2595 here·

455 2624 517 2697 des
534 2623 587 2697 sui
605 2623 705 2723 quod
722 2620 809 2695 bene
826 2620 928 2695 liceat
958 2619 1091 2720 Majori
1108 2636 1144 2694 et
1159 2619 1292 2714 Juratis
1308 2621 1392 2694 ville
1410 2623 1566 2720 predicte
1582 2623 1662 2722 qui-

456 2749 608 2825 cumque
625 2748 691 2822 pro
708 2738 868 2823 tempore
884 2720 1019 2796 fuerint
1036 2736 1073 2795 et
1088 2745 1212 2796 eorum
1224 2723 1411 2796 attornatis
1423 2747 1489 2822 pro
1500 2723 1662 2823 predicto

455 2823 596 2898 annuali
614 2823 757 2898 redditu
774 2822 941 2923 quociens
957 2837 1073 2896 aretro
1089 2819 1197 2896 fuerit
1214 2823 1249 2894 in
1276 2824 1433 2920 predicta
1458 2840 1552 2898 terra
1569 2847 1661 2898 ‘cum
1762 2825 1765 2832 '

455 2927 528 2999 suis
565 2925 790 3024 pertinenciis
827 2923 1049 3021 distringere,
1086 2937 1122 2996 et
1155 2923 1397 2997 districciones
1425 2923 1596 2999 abducere
1625 2941 1661 2998 et

455 3027 606 3101 retinere
623 3049 810 3125 quousque
826 3023 870 3096 de
912 3023 1049 3098 redicto
1065 3021 1220 3112 redditu,
1246 3040 1282 3098 et
1307 3024 1352 3097 de
1377 3019 1543 3099 omnibus
1568 3051 1662 3099 arre-

457 3127 562 3228 ragiis
589 3125 747 3227 ejusdem
778 3123 843 3198 sibi
888 3124 980 3197 uerit
1008 3123 1161 3222 plenarie
1191 3122 1390 3199 satisfacta:
1433 3125 1484 3199 Et
1510 3126 1660 3225 predicti

457 3227 578 3328 Major
596 3242 632 3300 et
648 3225 764 3320 Jurati
782 3249 997 3299 successores
1021 3224 1075 3297 sui
1101 3225 1244 3297 nomine
1268 3225 1361 3298 dicte
1387 3227 1663 3302 communitatis

456 3328 652 3426 predictam
669 3340 799 3400 terram
816 3349 897 3400 cum
923 3325 997 3398 suis
1022 3323 1247 3424 pertinenciis
1271 3325 1416 3425 prefatis
1441 3327 1601 3402 Roberto
1625 3345 1661 3402 et

455 3428 628 3525 Johanne,
645 3427 748 3500 uxori
765 3426 854 3528 ejus,
869 3425 1058 3500 heredibus
1079 3442 1116 3499 et
1141 3450 1265 3498 eorum
1287 3427 1470 3527 assignatis
1492 3454 1559 3528 pro
1581 3455 1662 3528 pre-

456 3531 554 3604 dicto
580 3528 722 3602 annuali
749 3527 891 3602 redditu
918 3542 1042 3600 contra
1067 3550 1190 3600 omnes
1216 3543 1340 3627 gentes
1364 3529 1662 3605 warrantizabunt

456 3630 730 3730 imperpetuum.
1665 3649 1671 3660 ·

531 3732 573 3804 ln
590 3729 691 3830 cujus
706 3728 757 3802 rei
773 3727 1017 3802 testimonium
1037 3726 1189 3826 presenti
1213 3744 1307 3801 carte
1323 3728 1488 3804 *dentate
1504 3730 1661 3831 sigillum

456 3831 562 3907 officii
578 3830 771 3932 majoratus
788 3828 1008 3927 presentibus
1023 3845 1076 3902 est
1092 3852 1297 3929 appensum.

532 3935 626 4006 Data
641 3933 807 4004 Dovorra
823 3929 991 4002 vicesimo
1007 3944 1134 4030 quarto
1150 3928 1209 4002 die
1225 3928 1440 4027 Septembris
1456 3955 1550 4006 anno
1562 3934 1661 4034 regni

458 4035 565 4134 Regis
583 4031 764 4124 Edwardi,
781 4030 879 4104 tercii
898 4046 978 4128 post
995 4046 1227 4145 conquestum
1240 4031 1384 4130 Anglie,
1395 4033 1663 4132 quadragesimo

458 4161 565 4227 nono,
582 4135 681 4234 regni
700 4157 785 4206 vero
801 4131 854 4204 sui
874 4129 1015 4205 ffrancie
1032 4129 1209 4205 tricesimo
1226 4147 1335 4206 sexto.

459 4345 544 4450 [33]
