3702 5256
454 467 527 563 436
659 473 663 480 ·
814 467 992 542 novun
1018 467 1296 542 crrnrrrsres

897 665 1212 747 cxxvltt.

843 835 1134 922 ijeptembris,
1155 837 1178 906 ⁶
1199 837 1290 906 Elia

452 990 543 1066 Huc
567 991 755 1066 indenturs
775 1008 925 1066 testatur
947 993 1048 1093 quod
1065 991 1227 1068 Thomas
1252 993 1402 1092 Pepper,
1421 993 1543 1094 Major
1565 990 1660 1066 Ville

450 1107 487 1166 et
527 1092 659 1167 Portus
692 1092 829 1183 Dovor,
870 1093 1048 1187 Johannee
1089 1095 1255 1194 Sweting‚
1297 1092 1502 1167 Willelmus
1543 1094 1659 1192 Ryve,

451 1192 608 1268 Richard
634 1193 806 1284 Htward,
830 1209 867 1268 et
892 1194 1097 1268 Wdlelmus
1125 1194 1336 1284 Unthanke,
1361 1194 1541 1269 Custodes
1565 1193 1661 1267 dicte

449 1293 545 1384 ville,
562 1295 727 1368 unanime
752 1321 894 1370 assensu
916 1311 952 1368 et
976 1320 1151 1370 concensu
1177 1319 1244 1394 pro
1267 1311 1304 1370 et
1327 1295 1364 1367 in
1387 1295 1531 1369 nomine
1548 1295 1660 1368 totius

451 1395 727 1471 Communitatis
751 1396 905 1498 ejusdem
925 1395 1009 1471 ville
1026 1396 1259 1489 tradiderunt,
1278 1413 1536 1486 concesserunt,
1555 1411 1592 1469 et
1614 1395 1659 1470 ad

449 1493 613 1572 'feodm
637 1497 776 1571 firmam
800 1496 1012 1571 dimiserunt
1036 1494 1259 1572 Christofero
1282 1495 1407 1585 Eliott,
1435 1495 1590 1571 devilia
1623 1513 1659 1572 et

450 1614 558 1696 portu
583 1597 755 1696 predicto,
786 1595 943 1687 botcher,
969 1622 1078 1673 unam
1105 1599 1240 1697 peciam
1267 1612 1361 1671 terre
1382 1622 1464 1672 curn
1493 1597 1660 1672 omnibus

448 1699 520 1773 suis
536 1697 773 1797 pertinenciis,
784 1698 960 1799 jacentem
976 1714 1013 1773 et
1029 1697 1238 1773 existentem
1255 1695 1349 1771 infra
1359 1697 1558 1774 libertatem
1574 1697 1659 1772 ville

448 1816 485 1874 et
512 1815 637 1900 portus
664 1800 792 1872 Dovor
816 1799 972 1898 predicte
1001 1799 1038 1873 in
1066 1799 1217 1873 Morens
1233 1799 1380 1890 Warde,
1409 1799 1502 1873 inter
1527 1815 1656 1872 terram

449 1901 594 1974 domine
610 1899 743 2000 regine,
761 1916 921 1973 vocatum
938 1901 975 1972 A
996 1899 1216 1998 Myllhouse,
1234 1899 1345 1974 modo
1369 1900 1407 1974 in
1424 1901 1657 1999 occupatione

448 1999 571 2095 Jacobi
600 1999 747 2088 Smithe,
768 2025 890 2074 versus
915 2001 1136 2089 northwest;
1172 2017 1210 2074 et
1244 2014 1487 2074 tenementum
1513 2026 1557 2073 ex
1586 2026 1657 2072 una

449 2117 549 2199 parte
568 2100 730 2174 comunis
750 2099 869 2191 rivuli,
896 2101 1011 2174 vocati
1033 2099 1067 2174 le
1089 2099 1330 2190 allmeshouse,
1352 2116 1389 2173 et
1413 2116 1657 2174 tenementum

340 2275 344 2281 ,
448 2226 491 2274 ex
508 2202 617 2274 alters
633 2215 731 2298 parte
747 2199 868 2288 rivuli,
885 2200 1000 2276 vocati
1013 2201 1046 2275 le
1061 2199 1304 2291 allmeshouse,
1314 2225 1435 2275 versus
1451 2200 1657 2290 southeast;

448 2317 485 2375 et
516 2301 649 2401 regiam
682 2315 827 2375 stratam
861 2326 982 2375 versus
1016 2302 1223 2391 northeast3
1265 2318 1302 2375 et
1334 2301 1466 2401 regiam
1499 2317 1656 2392 stratam,

449 2418 611 2476 vocatam
641 2402 673 2473 le
707 2401 987 2492 ffisshemerkett,
1016 2427 1138 2476 versus
1166 2402 1387 2489 southwest3
1413 2425 1483 2502 qua
1511 2401 1658 2501 quidem

448 2503 546 2602 pecie
579 2517 670 2576 terre
712 2501 872 2576 continet
912 2503 949 2575 in
986 2502 1211 2604 longitudine
1244 2501 1289 2576 ad
1322 2519 1458 2601 partem
1485 2501 1592 2603 juxta
1625 2503 1658 2575 lc

450 2601 706 2678 ffishemerkett
739 2602 867 2702 viginti
896 2620 1031 2701 septem
1061 2603 1179 2703 pedes,
1205 2618 1243 2675 et
1276 2602 1320 2676 ad
1347 2617 1485 2702 pnrtem
1511 2601 1657 2677 alteram

445 2703 552 2805 juxta
567 2703 700 2802 regiam
717 2717 863 2776 stratam
880 2703 1028 2804 triginta
1044 2721 1079 2778 et
1096 2727 1203 2776 unam
1221 2702 1338 2801 pedes,
1356 2718 1392 2775 et
1409 2703 1446 2774 in
1470 2702 1658 2776 latitudine

450 2806 494 2879 sd
524 2820 659 2903 partem
672 2803 779 2903 juxta
794 2803 826 2875 le
843 2801 1074 2878 allmeshouse
1100 2804 1248 2904 triginta
1264 2803 1380 2901 pedes,
1397 2819 1433 2876 et
1449 2802 1494 2876 ad
1510 2801 1657 2876 alteram

451 2922 587 3004 partem
604 2903 708 3004 juxta
725 2904 757 2977 le
782 2903 974 2979 millhouse
993 2903 1140 3004 triginta
1164 2903 1323 3004 quinque
1345 2903 1479 3001 pedes:
1507 2901 1657 2976 habend’

450 3021 486 3080 et
520 3001 663 3079 tenend’
706 3004 900 3102 predictam
942 3005 1076 3102 peciam
1120 3021 1211 3077 terre
1253 3029 1334 3076 cum
1376 3001 1541 3076 omnibus
1585 3003 1658 3076 suis

449 3104 674 3204 pertinenciis
691 3102 829 3202 prefato
847 3103 1070 3178 Christofero
1087 3105 1188 3178 Eliot
1211 3101 1398 3178 heredibus
1414 3120 1450 3177 et
1475 3103 1658 3203 assignatis

450 3206 532 3295 suis,
550 3204 646 3279 etad
665 3229 770 3278 usum
787 3205 896 3303 ipsius
914 3202 1125 3279 Christoferi
1146 3202 1245 3278 Eliot
1262 3204 1433 3278 heredum
1450 3220 1487 3277 et
1504 3205 1658 3304 assigna-

449 3324 569 3382 torum
600 3329 758 3395 suorum,
788 3329 854 3403 pro
879 3307 1032 3379 termino
1059 3303 1129 3405 xxj.
1163 3329 1347 3391 annorum,
1372 3322 1409 3379 et
1438 3303 1586 3378 ulterius
1612 3306 1657 3379 de

450 3407 518 3508 xxj.
539 3429 714 3479 annorum
731 3405 768 3478 in
785 3404 852 3505 xxj.
874 3430 1047 3480 annorum
1070 3420 1154 3477 tunc
1172 3404 1417 3503 proximorum
1433 3405 1657 3504 sequentium

449 3532 563 3607 usque
600 3505 638 3577 in
679 3505 787 3578 finem
828 3506 970 3578 termini
1011 3505 1165 3579 lrorxxix.
1195 3530 1370 3579 annorum
1412 3505 1657 3603 proximorum

449 3606 675 3708 sequentium
709 3621 791 3703 post
825 3606 947 3680 datum
986 3607 1201 3705 presentium
1236 3605 1387 3704 plenarie
1429 3605 1655 3704 complend’:

449 3706 598 3782 faciend'
615 3705 698 3778 inde
711 3705 899 3781 servicium
916 3707 1059 3780 domine
1076 3721 1196 3779 nostre
1211 3707 1331 3805 regine
1348 3721 1384 3779 et
1401 3706 1659 3780 successoribus

450 3809 525 3884 suis
543 3805 740 3882 secundum
764 3808 1056 3882 consuetudinem
1081 3805 1164 3880 ville
1189 3807 1345 3904 predicte
1360 3831 1443 3880 cum
1468 3807 1656 3881 acciderit:

450 3927 486 3984 et
503 3907 672 3984 reddend’
683 3905 766 3980 inde
782 3909 962 3982 annuatim
980 3905 1113 4007 Majori
1130 3906 1224 3980 dicte
1241 3907 1325 3980 ville
1341 3907 1402 4005 qui
1415 3931 1482 4004 pro
1499 3923 1659 4006 tempore

451 4009 561 4084 fuerit
585 4027 622 4084 et
648 4005 853 4082 custodibus
878 4009 1037 4111 ejusdem
1063 4007 1099 4080 in
1126 4007 1234 4082 Festo
1258 4007 1529 4104 Assumpeionis
1554 4009 1661 4082 Beate

453 4112 569 4185 Marie
592 4107 753 4208 Virginis
780 4132 827 4182 vs.
856 4108 978 4210 legalis
1008 4121 1149 4182 monete
1176 4107 1329 4206 Anglie:
1356 4122 1393 4179 et
1420 4105 1448 4178 si
1476 4107 1661 4207 contingat
