3716 5290
444 487 517 560 314
803 463 983 538 DOVER
1010 463 1290 539 CHARTERS

441 667 610 765 personis,
638 691 705 764 pro
730 691 767 740 se
793 681 856 739 aut
883 665 967 782 ipsis
986 665 1074 740 bene
1094 667 1249 766 gerend’‚
1266 666 1341 739 sive
1358 667 1515 766 gerend’,
1532 691 1651 740 coram

443 767 554 858 nobis,
572 783 633 841 aut
650 766 769 866 aliquo
786 769 1058 868 progenitorum
1078 784 1290 855 nostrorum,
1309 767 1391 840 vel
1382 795 1420 840 m
1437 767 1652 842 Cancellaria

442 884 571 956 nostra,
598 870 653 941 vel
681 867 825 969 alicujus
852 869 1127 984 progenitorum·
1151 885 1366 959 nostrorum,
1388 869 1478 942 vel
1471 894 1507 940 m
1535 868 1651 968 aliqua

441 969 537 1041 curia
565 985 693 1058 nostra,
724 971 781 1044 vel
803 968 955 1086 alicujus
982 971 1252 1086 progenitorum
1284 985 1499 1060 nostrorum,
1530 995 1648 1042 coram

442 1068 618 1168 aliquibus
635 1069 845 1144 cancellariis
863 1069 944 1142 vel
930 1069 1135 1170 justiciariis
1161 1069 1217 1143 vel
1245 1070 1491 1143 commissariis
1508 1071 1649 1158 nostris,

442 1168 497 1243 vel
523 1169 671 1272 alicujus
697 1171 967 1271 progenitorum
996 1187 1211 1259 nostrorum,
1236 1171 1310 1243 sive
1336 1196 1453 1244 coram
1484 1171 1585 1244 nobis
1613 1187 1649 1245 et

442 1270 588 1345 consilio
622 1287 757 1360 nostro,
804 1271 859 1346 vel
893 1271 1042 1373 alicujus
1069 1273 1340 1388 progenitorum
1376 1287 1580 1346 nostrorum
1613 1289 1649 1346 et

443 1372 591 1446 consilio
631 1398 709 1463 su0‚
751 1388 815 1446 aut
849 1397 967 1446 coram
1006 1371 1154 1445 consilio
1190 1371 1293 1446 alicu
1298 1397 1341 1445 us
1377 1375 1648 1471 progenitorum

442 1489 660 1562 nostrorum,
678 1473 735 1548 vel
752 1497 869 1546 coram
887 1473 963 1546 aliis
992 1473 1048 1547 vel
1076 1473 1253 1572 aliquibus
1269 1396 1314 1546 de
1331 1473 1477 1546 consilio
1502 1473 1651 1574 alicujus

443 1575 712 1675 progenitorum
749 1591 963 1663 nostrorum,
996 1575 1071 1647 sive
1113 1573 1310 1647 consiliario
1351 1591 1414 1647 aut
1448 1574 1650 1648 consiliariis
1708 1601 1717 1620 ¹

441 1675 589 1776 alicujus
606 1675 877 1774 progenitorum
896 1691 1125 1748 nostrorum:
1153 1675 1318 1748 Act-,ciam
1344 1675 1464 1747 omnia
1480 1691 1516 1747 et
1534 1675 1650 1748 omni-

442 1776 549 1849 moda
576 1775 662 1848 fines
689 1777 805 1850 exitus
830 1791 866 1849 et
882 1775 1150 1849 amerciamenta
1166 1801 1272 1873 penas
1288 1773 1408 1848 debita
1427 1776 1601 1850 demanda
1616 1791 1650 1848 et

442 1876 624 1974 deperdita
641 1900 867 1975 quecumque
884 1902 947 1973 per
963 1877 1058 1975 ipsos
1081 1876 1270 1994 Majorem,
1288 1875 1478 1992 Bqllivum,
1491 1893 1527 1948 et
1540 1876 1651 1949 Corn-

442 1978 654 2050 munitatem
693 1977 729 2049 in
765 1976 1050 2076 quibuscumque
1085 1978 1193 2050 curiis
1229 1977 1369 2068 nostris,
1405 2003 1467 2051 seu
1503 1977 1651 2094 alicujus

442 2079 711 2177 progenitorum
747 2093 963 2166 nostrorum,
997 2103 1058 2151 seu
1092 2077 1175 2150 alibi
1207 2077 1328 2176 aliquo
1360 2037 1483 2165 inodo,
1516 2080 1651 2152 ratione

442 2179 707 2276 premissorum,
725 2177 799 2250 sive
815 2203 940 2252 eorum
962 2178 1121 2293 alicujus,
1150 2175 1328 2251 forisfacta
1354 2178 1604 2294 adjudicata'
1578 2203 1651 2251 sive

443 2278 747 2380 nonadJudicata:
776 2279 926 2350 Necnon
939 2277 1162 2352 omnimodas
1174 2277 1324 2352 offensas
1326 2279 1650 2378 ,transgressiones

443 2377 692 2467 forisfacturas,
710 2380 892 2494 deperdita
908 2394 1032 2452 contra
1048 2377 1200 2452 formam
1212 2404 1526 2479 quorumcumque
1538 2397 1652 2454 statu-

442 2497 564 2554 torum
581 2497 617 2553 et
635 2479 880 2577 provisionum
898 2481 968 2554 de'
954 2479 1046 2580 Jocis
1063 2480 1157 2553 ludis
1174 2479 1304 2553 illicitis
1319 2497 1355 2553 et
1373 2481 1572 2579 prohibitis,
1589 2506 1651 2579 per

443 2583 536 2680 ipsos
563 2581 753 2698 Majorem,
782 2581 973 2671 Ballivum,
988 2598 1024 2655 et
1050 2581 1366 2672 Communitatem,
1391 2599 1473 2656 ante
1497 2583 1650 2656 eundem

442 2684 536 2757 diem
555 2683 689 2756 habitas
705 2680 812 2756 factas
828 2681 902 2758 sive
913 2699 1150 2781 perpetratas:
1177 2684 1237 2755 Ac
1258 2707 1421 2756 rusuesn
1441 2683 1653 2782 perdonavi-

443 2810 535 2873 mus,
553 2783 763 2872 remisimus,
777 2801 812 2856 et
827 2783 1070 2874 relaxavimus,
1083 2809 1122 2856 ac
1135 2808 1197 2882 per
1209 2799 1386 2883 presentes
1403 2784 1650 2882 perdonamus,

444 2885 670 3002 remittimus,
688 2901 724 2958 et
741 2884 948 2974 relaxamus,
966 2843 1097 2959 eisdein
1127 2885 1272 2987 Majori,
1300 2884 1448 2972 Ballivo‚
1477 2901 1514 2957 et
1541 2883 1652 2958 Corn-

444 2987 610 3060 munitati
647 2985 869 3060 omnimodas
905 2985 1092 3084 utlagarias
1126 3011 1370 3102 quascumque
1404 3011 1526 3059 versus
1559 2987 1653 3103 ipsos

445 3087 634 3202 Majorem,
653 3086 843 3174 Ballivum,
860 3103 895 3159 et
913 3085 1217 3160 Communitatem
1235 3088 1369 3159 ratione
1384 3087 1458 3160 sive
1475 3088 1652 3160 occasione

444 3187 707 3284 premissorum,
733 3211 796 3258 seu
823 3209 948 3258 eorum
973 3185 1134 3284 alicujus,
1163 3203 1225 3258 aut
1255 3184 1403 3282 alicujus
1423 3188 1568 3262 alterius
1602 3186 1652 3259 rei

442 3311 544 3359 cause
564 3285 620 3357 vel
634 3285 779 3358 materie
792 3283 1060 3398 cujuscumque,
1074 3300 1147 3355 tam
1160 3287 1203 3356 ad
1217 3298 1345 3353 sectam
1359 3297 1528 3370 nostram,
1542 3312 1653 3382 quam

442 3385 486 3458 ad
503 3401 632 3456 sectam
656 3382 817 3499 alicujus,
841 3409 904 3456 seu
925 3382 1127 3482 aliquorum
1145 3382 1415 3481 progenitorum
1434 3397 1653 3476 nostrorum,

441 3509 505 3557 seu
522 3483 682 3584 alicujus,
709 3485 784 3557 sive
811 3483 1015 3582 aliquorum
1042 3483 1194 3557 aliorum
1220 3507 1544 3582 quorumcumque,
1571 3503 1654 3558 ante

442 3586 642 3702 predictum
659 3586 754 3659 diem
772 3584 1036 3684 promulgatas;
1060 3583 1110 3658 Et
1123 3585 1260 3658 firmam
1274 3609 1394 3683 pacem
1413 3602 1568 3658 nostram
1584 3586 1653 3657 eis—

444 3687 525 3760 dem
545 3685 692 3786 Majori,
709 3685 846 3774 Ballivi,
873 3702 909 3759 et
937 3685 1198 3760 Communitati
1225 3685 1307 3760 inde
1334 3686 1573 3801 concedimus,
1601 3685 1654 3759 lta

443 3805 561 3860 tamen
583 3789 682 3886 quod
704 3803 799 3860 stent
826 3804 922 3860 recto
950 3788 987 3859 in
1015 3788 1112 3861 curia
1140 3803 1260 3860 nostra
1285 3787 1313 3858 si
1341 3786 1423 3885 quis
1442 3811 1567 3860 versus
1595 3811 1654 3860 eos

444 3889 527 3963 inde
544 3888 643 3987 loqui
675 3887 851 3962 voluerit.
879 3889 935 3960 Ac
964 3889 1187 3963 omnimodas
1215 3885 1452 3961 forisfacturas
1481 3912 1655 3985 quorum-

330 4046 336 4066 ,
447 4014 601 4088 cumque
619 3989 796 4063 bonorum
817 4007 852 4062 et
866 3988 1071 4063 catellorum
1085 3991 1247 4063 exituum
1261 4005 1297 4060 et
1311 3988 1551 4085 proficuorum
1591 4012 1656 4061 uo-

447 4115 684 4206 rumcumque
701 4107 886 4180 terrarum,
904 4105 1188 4164 tenementorum
1207 4090 1341 4163 ratione
1365 4088 1569 4186 utlagarie
1560 4013 1656 4162 illius

447 4193 520 4264 sive
538 4191 791 4290 utlagariarum
809 4189 948 4264 illarum
967 4189 1080 4280 nobis,
1093 4218 1156 4264 seu
1172 4190 1275 4264 alicui
1290 4189 1559 4305 progenitorum
1576 4213 1659 4262 nos-

448 4309 602 4384 trorum,
619 4309 699 4365 ante
716 4293 870 4366 eundem
884 4294 979 4366 diem
992 4291 1211 4366 forisfactas:
1241 4291 1291 4366 Et
1303 4291 1424 4365 eadem
1437 4289 1555 4364 omnia
1568 4290 1658 4363 bona
