3702 5256
428 447 501 536 428
791 445 968 521 DOVER
995 447 1275 522 CHARTERS

427 647 621 721 secundum
647 645 938 722 consuetudinem
964 647 1048 722 ville
1072 665 1108 723 et
1133 665 1260 746 portus
1282 647 1523 747 predictomm
1552 669 1634 718 cum

428 745 615 821 acciderit.
656 747 706 822 Et
744 771 820 837 nos,
858 772 946 821 vero
982 747 1164 846 predictus
1202 747 1380 822 Robertus
1417 745 1564 844 Hedley
1598 759 1636 818 et

429 847 633 937 Katherins,
650 871 740 922 uxor
756 848 841 950 ejus,
861 863 898 922 et
915 848 1061 924 heredes
1087 849 1198 922 nostri
1226 848 1423 948 predictum
1445 847 1635 947 gardinum

429 969 512 1021 cum
554 947 779 1046 pertinenciis
820 946 958 1048 prefato
1001 949 1155 1045 Johsnni
1201 949 1326 1038 Lucas,
1372 948 1561 1023 heredibus
1600 961 1638 1018 et

427 1047 612 1148 assignatis
626 1048 710 1140 suis,
727 1049 773 1124 ad
790 1073 895 1124 usum
911 1050 1197 1148 suprsdictorum
1219 1066 1344 1126 centn
1367 1061 1490 1124 omnes
1513 1061 1638 1148 gentes

428 1148 732 1223 warantizabimus
758 1165 794 1224 et
821 1175 884 1250 per
910 1166 1089 1250 presentes
1113 1151 1376 1251 imperpetuum
1393 1149 1636 1223 defendemus.

505 1248 547 1322 In
590 1249 691 1350 cujus
732 1250 782 1323 rei
826 1251 1072 1325 testimonium
1115 1277 1191 1342 nos,
1234 1251 1415 1350 predictus
1459 1250 1638 1324 Robertus

430 1348 576 1449 Hedley
594 1367 629 1424 et
646 1351 853 1440 Katherina,
871 1377 962 1426 uxor
978 1353 1065 1454 ejus,
1082 1353 1164 1427 huic
1182 1353 1335 1451 presenti
1356 1351 1489 1452 scripto
1514 1367 1638 1425 nostro

429 1449 545 1549 sigilla
562 1467 683 1524 nostra
698 1452 937 1551 apposuimus.

506 1553 599 1625 Data
622 1553 716 1651 apud
741 1555 868 1628 Dovor
892 1553 1031 1628 decimo
1055 1568 1157 1628 sexto
1181 1553 1239 1628 die
1263 1552 1401 1653 Aprilis
1428 1575 1521 1626 anno
1536 1548 1636 1650 regni

430 1651 574 1727 domine
612 1669 731 1726 nostre
768 1653 963 1744 Elizsbete,
1001 1654 1058 1728 dei
1093 1655 1210 1753 gracia
1238 1653 1381 1754 Anglie,
1412 1651 1571 1746 Francis,
1601 1666 1637 1724 et

430 1752 608 1926 Hipernic
651 1755 797 1854 Regine,
841 1755 924 1829 fidei
966 1754 1143 1846 defensor,
1186 1771 1267 1844 ete,
1321 1753 1462 1855 quinto.
1527 1753 1639 1826 Anno

437 1874 478 1951 ις
509 1875 542 1950 3.

507 1955 549 2028 In
566 1955 686 2028 dorso:
714 1956 883 2029 herentes
900 1959 936 2030 in
953 1973 1090 2052 tempore
1116 1957 1320 2054 sigillationis
1345 1973 1377 2029 et
1400 1955 1638 2030 deliberationis

423 2057 652 2149 presencium:
676 2057 760 2130 John
775 2056 936 2130 Hawkins
948 2059 1003 2154 (ἒ)
1020 2081 1030 2146 ;
1048 2057 1134 2131 John
1153 2057 1291 2150 Dawes,
1304 2055 1428 2132 Towne
1442 2059 1638 2154 Sargaunt3

434 2155 585 2228 William
603 2155 747 2254 Knyght‚
761 2162 883 2232 towns
903 2157 1035 2235 Clarke.

434 2254 545 2353 [1⁵⁵]

845 2457 907 2540 xvj
928 2457 1070 2540 Aprilis,
1092 2469 1113 2540 5
1135 2459 1225 2527 Elia.

1013 2618 1062 2690 iii.

433 2763 525 2841 Hsc
556 2780 610 2839 est
648 2763 762 2840 finalis
799 2765 988 2840 concordie
1012 2763 1104 2840 facts
1132 2765 1170 2839 in
1200 2767 1308 2841 Curia
1336 2766 1481 2841 domine
1520 2781 1641 2840 nostre

433 2864 629 2960 Elizabete,
667 2868 761 2966 apud
801 2867 921 2940 villam
959 2883 995 2940 et
1081 2883 1179 2940 rtum
1209 2869 1336 2941 Dovor
1365 2884 1463 2940 tenta
1491 2867 1549 2968 xvj
1581 2866 1641 2939 die

433 2967 563 3040 mensis
591 2966 739 3066 Aprilis,
769 2993 864 3041 anno
892 2968 992 3066 regni
1022 2893 1167 3042 diimine
1200 2985 1319 3043 nostre
1356 2966 1553 3060 Elizabete,
1582 2965 1639 3040 dei

432 3067 548 3165 gracia
564 3068 706 3167 Anglie,
728 3067 880 3155 ffrancie,
899 3084 935 3141 et
956 3067 1134 3141 Hibernis
1162 3069 1309 3167 Regine,
1331 3069 1413 3142 fidei
1427 3067 1446 3104 ⁶
1462 3066 1641 3158 defensor,

433 3183 514 3260 etc,
534 3168 675 3267 quinto,
696 3193 814 3242 coram
833 3169 994 3264 Johanne
1015 3169 1162 3258 Robins‚
1185 3169 1326 3270 Majore
1352 3169 1435 3242 ville
1460 3185 1498 3242 et
1514 3184 1640 3268 portus

435 3268 572 3357 Dovor,
598 3269 741 3343 Thoma
766 3268 929 3362 Warren,
956 3268 1136 3344 Richardo
1160 3269 1301 3364 Jebbes,
1323 3269 1466 3343 Thoma
1482 3268 1641 3360 Burnell,

433 3384 472 3440 et
488 3367 693 3443 Alexandro
711 3371 863 3469 Mynge,
880 3370 1026 3465 Juratis,
1044 3386 1080 3442 et
1096 3370 1173 3443 aliis
1189 3370 1333 3445 domine
1359 3385 1480 3444 nostre
1505 3368 1641 3468 Regine

435 3467 596 3543 fidelibus
624 3486 711 3544 tunc
739 3469 872 3545 ibidem
908 3468 1139 3568 presentibus,
1174 3470 1267 3545 inter
1291 3471 1489 3566 Johsnnem
1515 3471 1641 3556 Lucas,

434 3583 653 3668 querentem,
683 3586 719 3643 et
749 3570 947 3644 Robertum
976 3569 1123 3667 Hedley
1151 3587 1188 3644 et
1217 3571 1458 3663 Katherinam,
1492 3595 1640 3644 uxorem

434 3669 521 3771 ejus,
547 3669 792 3761 deforciantes,
817 3671 862 3744 de
887 3686 924 3745 et
949 3695 1054 3768 super
1079 3697 1153 3745 uno
1176 3672 1326 3772 gardino
1346 3697 1428 3745 cum
1445 3670 1517 3745 suis
1533 3670 1643 3770 perti-

437 3769 580 3860 nenciis,
606 3772 756 3845 scituato
775 3771 913 3871 jacente
938 3787 973 3845 et
998 3771 1169 3846 existente
1194 3771 1286 3847 infre
1312 3773 1529 3846 Libertatem
1558 3772 1642 3844 ville

436 3887 472 3944 et
489 3887 614 3970 portus
630 3871 791 3969 predicti,
808 3873 844 3945 in
862 3873 1020 3971 Georges
1037 3871 1162 3962 Ward,
1188 3871 1282 3948 inter
1304 3897 1530 3946 communem
1547 3873 1641 3944 viarn

436 3997 559 4047 versus
584 3974 790 4062 northwest,
817 3975 850 4045 le
877 3971 958 4047 cliff
975 3996 1099 4046 versus
1126 3973 1318 4065 southesst,
1343 3991 1472 4047 terram
1497 3970 1642 4047 domine

437 4088 556 4146 nostre
587 4074 730 4175 Regine,
763 4098 877 4173 nuper
905 4073 1141 4172 pertinentem
1171 4074 1215 4149 sd
1245 4074 1394 4148 domum
1419 4073 1490 4166 dei,
1515 4072 1643 4145 Dovor

436 4173 605 4272 predicte,
636 4191 802 4249 vocatum
826 4174 860 4247 le
894 4173 1038 4249 Maison
1068 4174 1173 4263 Dieu,
1205 4175 1316 4249 modo
1344 4175 1381 4249 in
1410 4173 1644 4272 occupacione

436 4273 580 4349 Thome
613 4275 813 4364 Cockerell,
848 4299 969 4350 versus
1000 4277 1193 4352 southsvcst
1230 4290 1267 4349 et
1309 4276 1490 4351 northeast
1506 4303 1522 4354 :x
1546 4273 1644 4348 unde
