3718 5284
417 445 465 518 42
776 419 953 495 novER
978 419 1254 496 curemus

417 623 572 693 cessimus
583 619 759 716 pronubis
776 637 809 692 et
822 617 999 694 heredibus
1016 621 1136 692 nostris
1149 620 1266 694 eisdem
1280 618 1472 692 Beronibus
1484 623 1626 716 quinque

301 799 303 804 ,
414 737 570 816 portuum
595 721 683 819 quod
708 743 814 794 omnes
844 721 900 792 illi
929 720 969 794 de
993 721 1156 816 portubus
1184 721 1258 792 illis
1286 721 1409 792 etalii
1434 721 1626 817 quicumque

416 821 611 895 advocantes
640 845 674 894 se
703 821 742 894 de
771 820 926 894 libertate
955 820 1127 894 eorundem
1152 836 1186 894 et
1210 821 1284 894 inde
1306 825 1456 918 gaudere
1482 820 1625 892 volentes

417 923 632 996 contribuant
652 923 702 994 ad
717 923 891 1018 navigium
916 938 949 994 et
972 923 1151 995 servicium
1171 921 1326 1018 predicta
1351 917 1579 994 manutenend‘
1595 936 1628 992 et

407 1023 558 1118 faciend'
575 1023 616 1096 de
635 1023 782 1096 omnibus
810 1021 904 1095 bunis
929 1039 962 1096 et
987 1023 1120 1095 catallis
1146 1024 1220 1095 suis
1245 1039 1313 1095 tam
1329 1039 1424 1094 entra
1442 1021 1626 1096 libertatern

416 1127 570 1222 quinque.
576 1140 736 1220 portuum
754 1123 979 1218 predictorum
995 1145 1093 1220 quam
1115 1124 1208 1219 infra
1226 1122 1444 1212 existentibus,
1461 1139 1494 1194 et
1507 1123 1557 1194 ad
1568 1121 1626 1194 hoc

410 1245 477 1320 per
502 1225 642 1322 majores
665 1241 697 1296 et
713 1225 845 1322 juratos
863 1240 1020 1319 portuum
1040 1225 1259 1318 predictoncm
1281 1241 1313 1296 et
1338 1223 1437 1296 eciam
1455 1243 1522 1318 per
1540 1223 1626 1294 Con-

416 1323 631 1399 stubulun'um
675 1325 788 1399 Castri
827 1327 930 1398 nostri
972 1323 1125 1398 Dcvnnre
1158 1325 1190 1396 si
1222 1347 1341 1398 necesse
1372 1323 1481 1419 flectit
1520 1321 1626 1396 debite

417 1427 657 1521 compellantur,
692 1441 726 1498 et
755 1426 845 1522 quod
874 1425 957 1498 bone
989 1442 1022 1497 et
1052 1425 1173 1498 catalla
1206 1424 1366 1498 dictorum
1395 1425 1563 1498 Beronum
1595 1439 1629 1496 et

416 1527 568 1616 eborum,
595 1528 669 1599 sive
696 1543 790 1599 entra
820 1527 938 1598 dictam
969 1525 1147 1599 libertatem
1171 1525 1317 1620 fuerint,
1345 1527 1417 1599 sive
1442 1524 1535 1619 infra
1563 1550 1625 1622 que

410 1648 475 1723 pru
491 1629 624 1726 navigio
641 1643 674 1699 et
687 1627 822 1700 servicio
839 1627 998 1720 predictis
1018 1623 1244 1700 manutenend'
1261 1624 1452 1723 etfaciend‘
1469 1641 1628 1698 taxantur

416 1727 467 1801 ed
496 1729 646 1826 collegia,
676 1751 731 1801 seu
756 1728 829 1800 alic
856 1750 956 1800 onera
981 1748 1176 1825 quecumque
1204 1751 1278 1800 cum
1306 1726 1397 1804 bonis
1432 1743 1465 1800 et
1497 1726 1625 1799 catallis

418 1829 458 1901 bn
476 1825 631 1929 [minum]
639 1827 871 1922 forinseccnem
887 1827 1071 1901 nullatenus
1088 1844 1250 1901 taxentur.

492 1931 534 2001 In
565 1931 657 2027 cujus
686 1929 739 2000 rei
766 1929 976 2002 testimonium
1005 1928 1069 2001 has
1090 1929 1211 2000 litteras
1236 1945 1362 2000 nostras
1382 1925 1463 2018 fieri
1480 1927 1625 2022 fecimus

410 2045 569 2125 patentes.
625 2027 719 2104 resse
743 2053 793 2102 me
818 2031 883 2125 ipsc
907 2028 1001 2124 apud
1018 2029 1331 2103 Westmcncstem'um
1347 2029 1625 2125 vicesimoquinto

415 2129 472 2205 die
479 2129 659 2224 ffebruan'i
673 2153 757 2203 anno
774 2132 866 2228 regni
880 2131 980 2203 nestri
987 2131 1110 2224 primo.

492 2231 690 2304 Nosautem
720 2246 852 2304 cartam
883 2245 1041 2304 nostram
1076 2228 1272 2329 predictam
1300 2229 1367 2302 sub
1400 2227 1519 2330 sigillo
1552 2255 1627 2328 quo

417 2355 512 2404 nunc
529 2331 667 2405 utimur
691 2331 736 2405 ad
760 2329 1032 2432 requisitionem
1057 2329 1217 2429 ipsorum
1246 2330 1427 2404 Beronum
1456 2329 1627 2406 duximus

415 2431 752 2531 exemplificandam.

492 2533 535 2606 In
553 2533 657 2634 cujus
674 2533 725 2606 rei
743 2531 988 2608 testimonium
1002 2531 1064 2605 has
1080 2531 1216 2607 litteras
1229 2547 1368 2606 nostras
1385 2531 1458 2605 fieri
1477 2529 1626 2606 fecimus

416 2650 585 2733 patentes.

492 2735 602 2809 Teste
618 2760 675 2808 me
695 2734 774 2833 ipso
799 2735 895 2832 apud
916 2733 1027 2808 Ebos’
1043 2733 1213 2808 vicesimo
1237 2748 1338 2808 sexto
1364 2733 1421 2810 die
1447 2731 1624 2808 ffebruarii

415 2861 509 2912 anno
525 2835 624 2938 regni
641 2835 753 2911 nostri
770 2835 935 2914 secundo.
