3738 5304
459 467 534 544 370
815 441 995 517 novun
1020 440 1297 516 cunarum

958 638 1158 721 cvm.

817 810 1129 896 xxviiioctobris,
1152 826 1169 879 1
1192 810 1320 880 Maris.

461 973 617 1062 Mnnm,
649 997 711 1048 om
740 997 889 1046 cancta
917 976 1088 1062 Arous,
1110 971 1266 1061 ffrancie,
1282 988 1320 1046 et
1338 972 1515 1047 Hibernis
1532 971 1665 1072 regina,

458 1073 540 1148 fidei
567 1071 755 1164 Defensor,
784 1088 822 1147 et
842 1074 990 1148 interra
1010 1071 1167 1148 Ecclesie
1191 1073 1390 1173 Anglicane
1415 1089 1452 1148 et
1470 1071 1667 1146 Hibernice

457 1175 669 1274 Supremum
691 1175 822 1273 Caput,
847 1198 1019 1250 ouursus
1045 1175 1090 1250 ad
1119 1199 1212 1274 quos
1238 1191 1418 1272 presentes
1445 1174 1563 1248 littere
1585 1197 1667 1271 per-

456 1275 835 1350 venerint-Salutem.
903 1275 1053 1350 Sem‘rrs
1092 1274 1191 1375 quod
1224 1300 1290 1349 nos
1321 1276 1367 1350 de
1399 1275 1515 1391 gracia
1548 1289 1668 1348 nostra

457 1375 596 1476 speciali
614 1403 653 1452 ac
670 1401 714 1450 ex
738 1391 833 1450 certa
848 1375 995 1450 sciencia
1010 1391 1046 1450 et
1064 1401 1163 1450 mero
1179 1392 1282 1450 motu
1304 1391 1435 1450 nostris
1451 1375 1614 1450 dedimus
1629 1391 1666 1448 et

460 1478 708 1567 concessimus,
724 1501 764 1550 ac
781 1501 843 1576 per
859 1493 1038 1576 presentes
1062 1478 1191 1552 damus
1214 1494 1250 1549 et
1272 1477 1511 1566 concedimus,
1529 1475 1666 1550 dilectis

459 1577 590 1652 nostris
607 1577 753 1679 Majori,
765 1579 910 1672 Juratis,
927 1593 963 1652 et
975 1577 1232 1652 Communitati
1243 1576 1328 1653 ville
1340 1595 1460 1651 nostre
1471 1577 1516 1652 de
1527 1579 1665 1665 Dovor,

459 1678 497 1753 in
530 1679 701 1754 comitatu
735 1695 857 1753 nostro
890 1679 1034 1770 Kancie‚
1070 1677 1246 1780 rivegium
1271 1694 1308 1752 et
1340 1677 1528 1779 feriagium
1552 1677 1667 1751 tocius

459 1797 584 1879 portus
608 1779 721 1853 nostri
746 1779 791 1854 de
817 1781 955 1870 Dovor,
982 1781 1019 1853 in
1044 1778 1143 1853 dicto
1167 1779 1340 1853 comitatu
1373 1794 1496 1853 nostro
1520 1777 1666 1866 Kancie,

461 1880 505 1954 de
551 1879 718 1954 omnibus
758 1895 796 1952 et
835 1879 1050 1954 omnimodis
1092 1879 1217 1953 cimbis
1265 1880 1341 1954 sive
1382 1878 1534 1954 battellis
1575 1878 1667 1952 infra

461 1997 606 2078 portum
637 1979 836 2081 predictum
871 2005 937 2079 pro
969 1981 1207 2056 conduccione
1233 1980 1420 2054 hominum
1449 1997 1485 2053 et
1519 1979 1665 2052 aliarum

460 2106 580 2154 rerum
606 2107 627 2154 a
650 2079 727 2180 ripa
746 2095 871 2179 portus
896 2080 1045 2180 predicti
1072 2082 1253 2181 usquead
1279 2107 1384 2156 naves
1405 2082 1443 2154 in
1466 2081 1665 2180 predictum

461 2196 617 2280 portum,
651 2206 691 2254 ac
731 2179 769 2253 in
811 2181 885 2254 alto
925 2182 1013 2254 mari
1055 2207 1167 2280 prope
1203 2199 1348 2281 portum
1393 2182 1591 2280 predictum
1621 2181 1665 2254 ad

458 2305 622 2355 ancoram
650 2279 815 2381 jacentes,
846 2297 883 2354 et
909 2307 930 2356 a
956 2280 1104 2356 navibus
1130 2281 1201 2357 illis
1225 2307 1338 2382 usque
1371 2282 1416 2357 ad
1442 2284 1557 2381 ripam
1584 2306 1668 2381 pre-

458 2383 593 2455 dictam
612 2380 832 2457 conducend'
855 2397 891 2455 et
916 2383 1176 2482 transportand'
1192 2385 1242 2456 ita
1265 2384 1366 2483 quod
1394 2383 1513 2457 nullus
1534 2381 1667 2456 ibidem

462 2483 598 2600 aliquas
630 2507 687 2556 res
726 2481 802 2556 sive
841 2481 980 2583 aliquos
1011 2483 1174 2558 homines
1210 2508 1291 2558 cum
1335 2481 1510 2583 aliquibus
1543 2482 1667 2556 cimbis

459 2582 600 2658 vasibus
640 2583 713 2656 sive
754 2581 890 2658 batellis
930 2583 998 2657 nisi
1035 2599 1174 2658 tantum
1208 2584 1318 2658 modo
1360 2584 1396 2658 in
1427 2583 1561 2658 batellis
1593 2584 1667 2657 sive

462 2683 602 2758 vasibus
634 2682 910 2758 inhabitandum
939 2685 1035 2760 dicte
1064 2683 1147 2760 ville
1171 2684 1217 2758 de
1243 2687 1370 2759 Dovor
1390 2686 1585 2760 conducere
1609 2685 1666 2756 vel

460 2799 699 2883 transportare
743 2801 928 2958 (presumat
976 2785 1051 2859 sine
1101 2785 1244 2858 licencia
1294 2786 1452 2883 ipsorum
1504 2786 1664 2886 Majoris.

460 2887 678 2980 Juratorum,
693 2900 730 2958 et
776 2885 1023 2958 ommunitatis
1039 2884 1095 2958 vel
1108 2886 1373 2985 assignatorum.
1417 2886 1666 2975 Hermaeum,

462 2986 642 3076 renuno’,
670 2985 885 3076 onuosno’,
901 3001 937 3058 et
962 2984 1193 3058 exercendum
1220 2985 1395 3084 rivagium
1417 3002 1453 3060 et
1478 2984 1667 3086 feriagium

460 3085 661 3185 predictum
679 3111 759 3158 cum
773 3086 937 3159 omnibus
958 3101 994 3160 et
1011 3087 1158 3185 singulis
1177 3086 1488 3160 commoditatibus
1504 3089 1669 3184 proficuis

461 3186 728 3260 revencionibus
761 3203 797 3259 et
834 3186 1054 3286 advantagiis
1095 3186 1389 3286 quibuscumque,
1423 3213 1493 3287 que
1534 3187 1665 3262 eisdem

462 3287 598 3386 rivagio
639 3303 675 3359 et
717 3285 780 3359 feri
828 3286 864 3359 io
904 3284 948 3358 ab
989 3287 1138 3386 antiquo
1189 3289 1367 3385 pertinent
1407 3304 1566 3387 spectant
1606 3315 1667 3362 seu

463 3386 680 3474 incumbent,
731 3311 876 3483 preadnis
924 3387 1068 3487 Majori,
1113 3389 1259 3482 Juratis,
1310 3404 1347 3461 et
1407 3389 1667 3466 Communitati

464 3487 558 3561 dicte
573 3486 657 3562 ville
683 3503 803 3559 nostre
819 3487 864 3561 de
882 3487 1008 3560 Dovor
1023 3503 1060 3561 et
1084 3486 1341 3562 successoribus
1366 3489 1438 3562 suis
1455 3489 1668 3590 Majoribus‚

462 3586 606 3685 Juratis,
640 3604 677 3660 et
706 3587 965 3660 Communitati
1007 3587 1164 3687 ejusdem
1197 3588 1281 3663 ville
1314 3589 1590 3688 imperpetuum,
1624 3591 1668 3664 ad

464 3687 647 3788 proprium
680 3711 772 3784 opus
804 3702 840 3760 et
869 3712 974 3760 usum
1004 3688 1161 3784 ipsorum
1192 3689 1351 3790 Majoris,
1379 3690 1599 3785 Juratorum,
1633 3708 1669 3764 et

463 3787 742 3863 Communitatis
766 3804 802 3860 et
825 3811 1066 3861 successorum
1088 3814 1235 3863 suorum
1256 3791 1519 3890 imperpetuum
1539 3792 1669 3890 absque

462 3906 631 3990 compoto
662 3914 723 3962 seu
757 3889 877 3987 aliquo
909 3887 978 3963 alio
1019 3913 1086 3988 pro
1127 3889 1210 3963 inde
1251 3890 1352 3964 nobis
1384 3891 1572 3965 heredibus
1614 3891 1670 3967 vel

463 3987 718 4064 successoribus
742 3989 1002 4090 quoquomodo
1026 3988 1197 4065 reddend’
1221 3990 1383 4066 solvend’
1413 3990 1469 4066 vel
1495 3990 1667 4066 faciend’:

462 4091 632 4165 Pnovrso
647 4113 785 4188 semper
800 4088 900 4189 quod
911 4089 1061 4189 predicti
1077 4089 1209 4192 Major,
1218 4091 1347 4185 Jurati,
1364 4106 1401 4165 et
1411 4091 1668 4181 Communitas,

462 4190 556 4265 dicte
572 4189 656 4264 ville
671 4205 791 4263 nostre
817 4189 862 4264 de
891 4190 1019 4263 Dovor
1039 4206 1076 4263 et
1100 4214 1315 4266 successores
1340 4191 1393 4266 sui
1421 4217 1487 4290 pro
1512 4211 1672 4291 tempore

460 4291 648 4364 existentes
680 4289 799 4364 omnis
839 4289 972 4362 litteras
1013 4307 1050 4364 et
1091 4289 1221 4390 scripta
1262 4307 1383 4366 nostra
1423 4293 1593 4366 heredum
1635 4311 1672 4366 et
