3726 5256
455 467 500 540 62
815 467 993 544 DOVER
1019 467 1294 543 CHARTERS

751 667 814 768 qui
831 683 884 740 est
902 666 1101 741 membrum
1115 668 1292 756 Dovorre,
1309 680 1346 741 et
1361 666 1588 765 quamplures
1604 663 1662 738 alii

456 767 697 840 Misericordia.
750 783 877 866 portus
902 767 966 869 qui
993 784 1077 842 sunt
1104 767 1261 841 membra
1289 767 1438 841 aliorum
1460 765 1661 866 capitalium

751 885 922 966 portuum
949 883 986 943 et
1015 869 1180 943 mandata
1204 894 1267 943 suu
1283 866 1488 985 [tanquam]
1503 867 1663 942 membra

452 966 632 1042 dictorum
667 983 839 1066 portuum
875 985 1054 1044 retornsre
1083 969 1208 1044 solent.
1260 969 1310 1044 Et
1339 971 1423 1069 quia
1451 970 1561 1043 modo
1591 993 1661 1041 non

453 1084 636 1142 retornant
670 1085 778 1168 prout
812 1069 981 1146 deberent
1015 1087 1051 1146 et
1079 1086 1349 1146 consueverunt.
1402 1070 1531 1145 Ideo
1523 1069 1591 1169 ipsi
1624 1069 1662 1142 in

454 1167 703 1262 misericordia,
733 1187 801 1246 etc.

1006 1443 1176 1517 Ricardus
1193 1441 1397 1533 Thurbarn,
1415 1441 1584 1535 Ballivus,

553 1595 609 1667 oe
918 1451 1333 1832 isinum:

1004 1746 1182 1840 Johannes
1199 1745 1387 1822 Lambehe.

1004 2021 1183 2096 Robertus
1198 2021 1354 2114 Arnon,
1375 2021 1509 2124 Major,

1002 2123 1217 2197 Vincentius
1235 2123 1371 2213 ffinche,
1392 2123 1560 2214 Ballivus,

1003 2223 1181 2298 Robertus
1198 2225 1449 2323 Loundeneys

1003 2324 1184 2398 Robertus
1201 2324 1277 2423 Wy
1278 2325 1399 2414 kham,

916 2433 924 2452 ⁸
1001 2425 1179 2519 Johannes
1196 2427 1330 2525 Dyges,

1002 2527 1174 2624 Sampson
1191 2525 1338 2624 Sneppe‚

1003 2626 1206 2700 Willelmus
1223 2627 1422 2726 Colhoppe,

1002 2729 1182 2822 Johannes
1201 2728 1396 2827 Peytevyn.

553 2375 608 2448 De
626 2372 838 2473 Wynchelse

1004 3106 1213 3181 Vincentius
1230 3107 1368 3194 ffinche,
1391 3063 1559 3195 Ballivus‚

918 3263 928 3282 .
1005 3207 1187 3281 Henricus
1203 3207 1383 3305 Goldyne,

1003 3307 1181 3402 Johannes
1207 3308 1410 3395 Marchent,
1535 3359 1541 3366 -

1005 3005 1136 3079 Paulus
1152 3007 1198 3081 de
1219 3005 1481 3094 Portesmouth,
1500 3006 1632 3108 Major,

553 3210 609 3282 De
628 3208 706 3307 Rya
957 3021 978 3492 ἱ

1004 3407 1183 3502 Johannm
1199 3407 1309 3482 Lade.

1003 3686 1183 3780 Johsnnes
1201 3683 1385 3782 ffranceys,
1403 3684 1570 3774 Ballivus,

1005 3786 1125 3886 Hugo
1142 3787 1357 3876 Colbronde,

1002 3886 1207 3962 Willelmus
1224 3886 1469 3979 Holinbroke,

554 3988 610 4061 De
627 3986 785 4062 Romene
918 4044 929 4063 .
1002 3988 1181 4082 Johannes
1196 3988 1295 4078 Tite,
1307 3987 1442 4089 junior,

1002 4089 1181 4184 Johannes
1201 4091 1297 4178 Bret,

1001 4189 1153 4284 Jacobus
1171 4189 1388 4282 Colbronde,

1004 4291 1165 4391 Rogerus
1183 4290 1357 4392 Coupere.
