3728 5256
797 509 979 584 DOVER
1005 510 1284 585 CHARTERS

969 708 1123 790 LXV.

763 884 829 948 xix
854 882 1049 964 Februarii,
1074 885 1114 950 18
1136 879 1227 950 Heu.
1260 884 1321 950 Vl.

442 1039 694 1140 [Hpnncus
720 1039 776 1112 dei
803 1040 919 1139 gracia
945 1041 1022 1113 Rex
1043 1040 1176 1141 Anglie
1192 1057 1228 1114 et
1246 1041 1398 1132 ffrancie,
1417 1058 1452 1115 et
1470 1041 1649 1114 Dominus

441 1140 628 1315 &ibernia
654 1140 833 1215 Omnibus
857 1142 900 1214 ad
926 1166 1016 1240 quos
1042 1159 1218 1240 presentes
1242 1142 1357 1216 littere
1374 1142 1649 1242 pervenerint-

498 1258 606 1316 utem.

517 1342 650 1435 Sciatis,
704 1343 775 1416 uod
804 1368 886 1418 cum
913 1342 1033 1417 dilecti
1062 1343 1174 1420 nostri
1203 1344 1325 1446 Major
1350 1362 1387 1419 et
1404 1343 1651 1419 Communitas

441 1443 523 1518 ville
541 1461 659 1519 nostre
677 1369 841 1518 liovorre
860 1444 961 1518 nobis
978 1470 1090 1542 nuper
1106 1445 1372 1536 intimaverunt,
1394 1462 1435 1519 ut
1462 1470 1543 1518 curn
1571 1468 1652 1542 per·

440 1571 524 1620 sone
554 1546 676 1620 villam
706 1545 900 1662 predictam
930 1545 1166 1620 inhabitantes
1195 1572 1317 1621 muros
1341 1547 1497 1648 ejusdem
1525 1561 1651 1619 contra

442 1647 574 1721 rabiem
594 1665 630 1722 et
650 1647 814 1720 seviciem
831 1646 936 1720 maris
953 1645 1097 1738 ibidem,
1125 1647 1260 1748 aliaque
1284 1673 1390 1722 onera
1415 1645 1653 1747 importabilia

443 1747 586 1849 prefatis
603 1746 879 1822 inhabitantibus
895 1775 962 1847 pro
977 1747 1181 1823 defensione
1198 1748 1281 1823 ville
1301 1749 1458 1848 predicte
1475 1749 1652 1847 imposita,

443 1874 601 1948 reparere
629 1864 666 1922 et
696 1865 922 1923 manutenere
949 1866 1134 1924 teneantur
1149 1850 1311 1924 similiter
1337 1869 1373 1924 et
1399 1851 1649 1949 astringantur,

443 1975 657 2050 quamquam
683 1974 723 2021 ea
749 1948 861 2024 facere
882 1951 1054 2050 nequiunt
1082 1977 1145 2026 nec
1170 1951 1350 2026 sufficiunt
1376 1953 1506 2052 quovis
1530 1950 1652 2038 modo,

443 2077 505 2150 per
521 2052 620 2150 quod
638 2051 731 2124 muri
749 2051 898 2148 predicti
916 2053 952 2125 in
969 2051 1148 2127 defectum
1168 2053 1401 2150 reparationis
1417 2070 1452 2127 et
1469 2068 1653 2126 construc-

444 2152 555 2226 cionis
570 2151 767 2225 eorundem
783 2151 913 2226 dirruti
932 2169 1067 2227 suntet
1084 2155 1261 2251 prostrati,
1281 2155 1400 2256 sicque
1413 2178 1508 2227 mare
1521 2150 1652 2227 ibidem

445 2253 565 2327 villam
582 2267 738 2325 nostram
756 2252 948 2350 predictam
966 2279 1131 2354 processu
1158 2256 1329 2353 temporis
1354 2254 1592 2353 superundare
1616 2270 1653 2326 et

445 2356 624 2430 destruere
640 2351 850 2426 assimilatur
867 2354 932 2426 nisi
950 2380 1013 2452 per
1031 2380 1096 2429 nos
1112 2356 1218 2429 cicius
1235 2357 1410 2430 relevetur
1429 2372 1466 2430 et
1491 2380 1654 2429 succura-

445 2473 528 2530 tur:
556 2457 613 2528 Ac
630 2455 688 2528 ubi
706 2481 726 2528 a
743 2471 902 2552 tempore
919 2481 993 2556 quo
1019 2457 1101 2529 villa
1113 2455 1214 2531 Cales
1231 2482 1295 2553 per
1315 2457 1470 2531 nobilem
1487 2456 1655 2558 progeni-

445 2574 561 2631 torem
585 2571 750 2630 nostrum
776 2555 993 2631 Edwardum
1019 2574 1210 2658 conquesta
1233 2555 1304 2631 fuit
1323 2575 1359 2632 et
1376 2557 1547 2658 adquisita
1563 2581 1655 2658 quo-

447 2683 559 2760 usque
586 2658 651 2755 ipsi
679 2657 871 2732 decadem
900 2656 981 2732 villa
1009 2684 1121 2757 nuper
1148 2685 1215 2757 pro
1241 2660 1378 2760 magnis
1401 2659 1602 2756 sumptibus
1618 2673 1655 2731 et

447 2760 640 2858 deperditis
666 2784 705 2831 ac
731 2759 921 2848 aventuris‚
948 2785 1017 2860 que
1045 2760 1110 2860 ipsi
1138 2761 1183 2834 de
1201 2777 1360 2858 tempore
1377 2761 1413 2832 in
1430 2777 1572 2857 tempus
1589 2784 1656 2857 pro

435 2861 715 2956 ‘conversacione
740 2876 776 2933 ct
801 2860 960 2934 custodia
985 2861 1132 2958 predicti
1154 2861 1300 2961 passagii
1318 2861 1450 2935 ibidem
1467 2875 1656 2959 supporta·

448 2978 544 3052 runt,
584 2961 761 3034 libertates
797 2977 834 3035 et
871 2959 1081 3034 franchesias
1109 2962 1363 3062 subsequenter
1391 2961 1590 3035 habuerunt
1619 2977 1657 3034 et

449 3078 639 3137 tenuerunt
656 3063 775 3161 eisque
793 3063 846 3136 usi
864 3060 1011 3136 fuerunt
1027 3079 1063 3135 et
1079 3064 1201 3162 gavisi,
1219 3062 1393 3152 videlicet,
1408 3064 1508 3164 quod
1529 3063 1594 3160 ipsi
1611 3063 1657 3136 de

450 3164 616 3238 Dovorra
633 3187 712 3236 cum
730 3162 888 3262 passagio
904 3189 971 3237 suo
987 3189 1099 3263 usque
1119 3165 1248 3238 dictam
1262 3165 1381 3238 villam
1400 3162 1512 3254 Cales,
1530 3180 1566 3236 et
1583 3188 1656 3236 non

450 3264 494 3339 ad
523 3264 632 3337 alium
661 3263 806 3351 locum;
833 3289 897 3336 nec
926 3264 992 3361 ipsi
1023 3265 1068 3338 de
1098 3265 1198 3338 Cales
1227 3291 1308 3338 cum
1336 3289 1404 3338 suo
1429 3265 1587 3365 passagio
1611 3265 1656 3337 ad

450 3365 557 3438 alium
583 3366 700 3437 locum
726 3379 951 3464 preterquam
976 3366 1020 3439 ad
1042 3365 1245 3438 Dovorram
1263 3365 1450 3439 transirent
1468 3390 1528 3439 seu
1545 3362 1659 3465 appli-

451 3480 580 3554 carent,
609 3464 676 3539 nisi
703 3464 769 3562 ipsi
796 3490 859 3562 per
886 3489 1048 3565 magnam
1078 3465 1133 3540 vel
1159 3467 1373 3540 subitaneam
1399 3483 1656 3566 tempestatem,

450 3567 508 3641 vel
525 3582 731 3666 preceptum
749 3566 914 3664 Regium,
932 3591 994 3642 seu
1012 3564 1159 3642 frettum
1178 3569 1251 3642 sive
1276 3568 1538 3642 onustacionem
1564 3591 1659 3641 mer-

451 3667 613 3742 chandisc
630 3692 699 3767 que
719 3665 763 3740 ad
784 3667 981 3766 passagium
1002 3693 1073 3742 non
1098 3669 1285 3765 pertinent,
1314 3667 1596 3767 impedirentur3
1622 3683 1659 3740 et

451 3769 551 3870 quod
577 3768 643 3868 ipsi
668 3770 714 3843 dc
739 3768 905 3842 Dovorra
929 3769 1107 3867 integrum
1132 3767 1280 3844 frettum
1303 3771 1377 3844 sive
1393 3771 1657 3844 onustacionem

451 3886 487 3943 et
504 3868 704 3970 proficuum
721 3870 867 3969 passagii
886 3869 997 3943 nostri
1015 3895 1053 3944 ac
1070 3870 1214 3944 navium
1235 3896 1357 3945 versus
1380 3870 1513 3945 dictam
1537 3869 1657 3944 villam

452 3971 552 4046 Cales
578 3971 840 4044 transeuncium
866 3985 903 4043 et
929 3971 1197 4069 applicancium,
1225 3972 1398 4046 consimili
1425 3973 1536 4046 modo
1558 3971 1658 4071 quod

453 4073 518 4171 ipsi
537 4073 583 4147 de
600 4070 701 4144 Cales
716 4071 762 4145 de
778 4071 847 4144 illis
864 4071 927 4170 qui
943 4071 988 4145 ad
1010 4072 1211 4146 Dovorram
1238 4071 1455 4147 confluerent
1479 4073 1658 4161 haberent,

452 4175 500 4247 ita
527 4172 625 4273 quod
651 4197 714 4244 nec
740 4172 805 4270 ipsi
831 4173 876 4246 de
903 4172 1005 4245 Cales
1028 4172 1165 4273 aliquos
1189 4172 1338 4249 frcttum
1363 4174 1437 4247 sive
1462 4175 1659 4273 passagium

453 4275 596 4348 navium
613 4274 659 4348 de
676 4274 849 4364 Dovorra,
870 4298 932 4347 nec
950 4273 1015 4371 ipsi
1033 4273 1077 4347 de
1095 4276 1259 4350 Dovorra
1279 4277 1324 4350 de
1348 4272 1459 4348 fretto
1483 4275 1556 4348 sive
1581 4299 1660 4371 pas-

452 4377 549 4478 sagio
559 4375 702 4448 navium
713 4373 823 4464 Cales,
838 4374 1056 4476 perciperent
1072 4379 1200 4480 quovis
1217 4377 1338 4466 modo,
1352 4376 1418 4449 nisi
1432 4400 1493 4476 per
1506 4375 1659 4475 aliquam
