3756 5270
447 495 521 570 270
805 471 982 546 DOVER
1009 471 1286 545 CHARTERS

901 772 1202 852 LXXXVI.

791 949 849 1030 viij
871 949 1041 1031 Augusti,
1065 947 1104 1015 18
1125 948 1225 1016 Edw
1250 948 1309 1013 1v

447 1110 593 1183 Scmur
619 1124 797 1205 presentes
821 1123 856 1180 et
883 1104 995 1181 futuri
1022 1107 1120 1207 quod
1145 1130 1211 1179 nos
1235 1105 1430 1204 Stephanus
1455 1107 1605 1193 Axsted,
1622 1123 1659 1179 et

447 1209 614 1297 Cristins,
632 1233 722 1282 uxor
739 1233 828 1296 mea,
845 1208 892 1281 de
910 1209 1085 1294 Dovorra,
1105 1206 1270 1280 dedimus
1290 1207 1526 1282 concessimus
1542 1222 1579 1280 et
1595 1163 1658 1280 hac

448 1309 600 1409 presenti
618 1325 713 1382 carta
738 1326 856 1383 nostra
881 1308 1170 1384 confirmavimus
1193 1308 1336 1381 Thome
1353 1308 1500 1396 Gerves,
1519 1306 1659 1396 Bochir,

447 1427 484 1484 et
499 1410 672 1504 Johanne,
690 1411 790 1484 uxori
810 1410 897 1509 ejus,
914 1436 1026 1484 unum
1045 1425 1289 1483 tenementum
1307 1435 1388 1482 cum
1405 1366 1556 1508 gardino
1576 1433 1659 1481 cum

448 1511 520 1585 suis
546 1511 770 1628 pertinenciis
794 1512 964 1586 situatum
991 1509 1084 1584 infra
1108 1510 1309 1584 libertatem
1340 1511 1470 1585 Portus
1495 1511 1660 1584 Dovorre

448 1614 655 1712 predicte
647 1639 685 1685 m
728 1611 1007 1701 Werstonward,
1050 1611 1224 1710 capitand’
1266 1636 1372 1709 super
1415 1628 1657 1685 tenementum

449 1715 591 1788 Thome
607 1715 718 1810 Toky
735 1738 856 1786 versus
881 1731 966 1800 east,
982 1730 1018 1787 et
1044 1738 1149 1811 super
1168 1712 1314 1814 Regiam
1340 1713 1512 1786 venellam
1538 1737 1661 1786 versus

448 1833 546 1904 west,
558 1814 726 1889 laterand’
736 1839 840 1913 super
850 1839 997 1888 vacuam
1006 1816 1160 1914 placeam
1171 1815 1311 1888 Ricardr
1321 1815 1478 1914 Grygge
1489 1811 1660 1901 defuncti,

449 1941 572 1990 versus
590 1917 708 2002 north,
726 1931 762 1987 et
804 1915 968 1989 ordinum
986 1941 1098 2014 nuper
1113 1916 1266 1988 Simonis
1280 1915 1374 2015 Pege
1391 1940 1513 1989 versus
1528 1915 1657 1988 south:

450 2017 599 2132 habend
616 2033 652 2090 et
669 1939 810 2089 teneri
801 2016 1027 2114 predictum
1054 2033 1297 2089 tenementum
1314 2041 1396 2089 cum
1413 2016 1563 2130 gardino
1579 2040 1661 2089 cum

449 2117 522 2192 suis
554 2117 780 2216 pertinenciis
792 2114 954 2232 ‘prefatis
987 2117 1130 2190 Thome
1163 2133 1198 2190 et
1231 2118 1404 2211 Johanne,
1435 2115 1538 2190 uxori
1572 2117 1661 2217 ejus,

452 2218 639 2293 heredibus
672 2233 708 2290 et
738 2216 921 2316 assignatis
949 2217 1022 2291 suis
1052 2217 1339 2317 imperpetuum:
1385 2217 1545 2291 ffuciend'
1580 2217 1662 2291 inde

451 2320 638 2394 servicium
664 2318 801 2392 domini
827 2318 938 2392 nostri
965 2319 1074 2418 Regis
1090 2344 1170 2392 cum
1191 2319 1355 2394 acciderit
1372 2336 1408 2394 et
1432 2318 1664 2392 nihilominus

452 2419 658 2518 capitalibus
674 2419 829 2492 dominis
845 2417 942 2494 feodi
959 2445 1021 2518 per
1037 2419 1184 2494 servicia
1200 2421 1282 2494 inde
1309 2419 1428 2495 debita
1452 2437 1487 2494 et
1513 2420 1594 2494 de
1579 2445 1662 2521 Jure

453 2537 649 2596 consueta:
677 2537 712 2593 et
732 2545 797 2594 nos
820 2545 906 2594 vero
930 2521 1081 2618 predicti
1106 2520 1302 2620 Stephanus
1326 2536 1362 2593 et
1379 2521 1546 2608 cristina,
1573 2545 1662 2594 uxor

454 2649 542 2711 mea,
560 2647 599 2695 ac
617 2622 762 2696 heredes
781 2621 892 2694 nostri
910 2622 1111 2720 predictum
1136 2637 1380 2695 tenementum
1406 2647 1488 2695 cum
1513 2623 1663 2738 gardino

454 2749 537 2798 cum
559 2724 632 2796 suis
647 2721 874 2820 pertinenciis
886 2723 1030 2820 prefatis
1047 2723 1192 2797 Thome
1211 2740 1246 2797 et
1264 2723 1436 2817 Johanne,
1456 2725 1557 2796 uxori
1575 2723 1662 2823 ejus,

455 2841 578 2898 contra
594 2849 716 2898 omnes
732 2840 855 2940 gentes
871 2823 1203 2897 warantizabimus
1195 2841 1470 2923 imperpetuum.

531 2927 571 2997 Iu
606 2925 706 3026 cujus
739 2926 790 2997 rei
825 2924 1070 2999 testimonium
1104 2925 1187 2997 huic
1229 2926 1381 3023 presenti
1416 2943 1509 2999 carte
1545 2941 1663 2998 nostre

454 3027 568 3125 sigilla
585 3042 705 3099 nostra
724 3027 962 3124 apposuimus.

530 3129 625 3200 Data
639 3127 733 3225 apud
751 3130 952 3201 Dovorram
970 3126 1162 3224 predictam
1182 3142 1308 3199 octavo
1325 3127 1382 3199 die
1399 3127 1554 3225 Augusti
1572 3153 1665 3199 anno

454 3228 554 3327 regni
573 3229 680 3327 Regis
691 3227 872 3316 Edwardi,
889 3227 1006 3326 quarti
1020 3243 1100 3324 post
1116 3241 1351 3325 conquestum
1369 3227 1510 3324 Anglie,
1527 3227 1666 3301 decimo

455 3347 592 3402 octavo.

534 3428 607 3502 His
631 3427 804 3502 testibus:
833 3427 976 3501 Thoma
1000 3427 1170 3517 Exstalle,
1197 3445 1282 3500 tunc
1310 3427 1450 3526 Majore
1475 3429 1560 3502 ville
1587 3454 1667 3527 pre-

456 3531 576 3619 dicte3
604 3528 755 3601 Ricardo
783 3527 969 3615 Palmere3
1013 3527 1155 3602 Thoma
1180 3528 1322 3616 ffoche3
1358 3529 1501 3602 Thoma
1530 3531 1664 3628 Toky;

457 3631 614 3705 Roberto
630 3631 745 3702 Lucas
762 3653 772 3716 ;
799 3630 943 3701 Thoma
960 3630 1121 3726 Rymour
1138 3653 1149 3716 ;
1175 3646 1210 3702 et
1227 3630 1313 3702 aliis.
