3726 5256
457 484 524 580 138
812 481 994 559 DOVER
1021 481 1300 560 CHARTERS

975 783 1132 865 XLV.

802 959 852 1042 xij
869 959 1045 1040 Octobris,
1059 973 1081 1026 2
1096 958 1222 1043 Henry
1236 958 1297 1027 tv.

449 1113 596 1186 Semne
630 1128 808 1211 presentes
834 1128 870 1186 et
900 1110 1010 1186 futuri
1042 1112 1140 1212 quod
1171 1138 1240 1212 ego
1265 1112 1444 1207 Johennes
1472 1111 1586 1200 Giles,
1613 1112 1660 1186 de

449 1215 624 1302 Dovorra,
643 1213 727 1288 dedi
746 1213 901 1288 concessi
919 1232 955 1288 et
973 1214 1036 1287 hac
1062 1215 1214 1313 presenti
1241 1230 1337 1288 carta
1361 1238 1439 1286 mea
1455 1213 1658 1286 confirmavi

449 1315 592 1388 Thome
616 1331 672 1388 ate
697 1315 871 1406 Crouche‚
897 1315 942 1388 de
972 1316 1151 1402 Dovorra,
1181 1331 1217 1388 et
1242 1314 1417 1409 johanne,
1444 1313 1546 1386 uxori
1571 1312 1658 1413 ejus,

450 1440 557 1488 unam
580 1440 694 1490 acram
720 1431 756 1489 et
780 1373 963 1489 dimidiam
979 1440 1094 1489 acram
1118 1431 1210 1491 terre
1234 1441 1315 1489 cum
1340 1415 1413 1488 suis
1437 1414 1660 1513 pertinenciis

443 1515 619 1632 jacentem
637 1518 674 1591 in
691 1517 854 1615 parochia
869 1518 914 1591 de
932 1516 1124 1592 Cherltone
1148 1517 1240 1615 apud
1263 1515 1464 1606 Holstrete,
1482 1514 1658 1605 videlicet,

448 1617 543 1692 inter
560 1635 690 1692 terram
706 1618 793 1692 dicti
810 1618 951 1692 Thome
968 1644 1090 1692 versus
1113 1617 1232 1705 south,
1258 1634 1295 1692 et
1320 1632 1450 1689 terram
1477 1616 1659 1691 Prioratus

450 1720 616 1792 Dovorre
632 1742 754 1793 versus
770 1734 855 1807 east,
871 1734 908 1793 et
934 1735 1061 1792 terrem
1089 1719 1240 1793 Henrici
1265 1718 1385 1791 Merle
1410 1742 1533 1792 versus
1559 1733 1657 1806 west,

448 1835 484 1892 et
502 1821 593 1892 inter
610 1836 739 1893 terram
758 1819 972 1920 [quondam]
990 1820 1132 1894 Rieardi
1150 1836 1205 1894 ate
1232 1820 1368 1918 Berghe
1385 1843 1506 1893 versus
1523 1818 1654 1891 north:

449 1919 598 1994 habend’
624 1936 660 1993 et
687 1921 830 1994 tenend’
858 1921 990 1994 dictam
1016 1947 1130 1994 aeram
1160 1937 1196 1994 et
1221 1919 1404 1995 dimidiam
1435 1945 1549 1994 acram
1575 1944 1656 1992 cum

447 2020 613 2094 omnibus
628 2020 701 2095 suis
717 2021 940 2120 pertinenciis
957 2020 1101 2139 prefatis
1125 2023 1270 2096 Thome
1294 2039 1330 2096 et
1355 2020 1529 2116 Johanne‚
1555 2019 1657 2093 uxori

447 2121 534 2221 ejus,
552 2121 739 2196 heredibus
764 2140 800 2195 et
824 2121 1006 2220 assignatis
1031 2123 1141 2222 ipsius
1165 2122 1341 2197 Thome
1333 2140 1596 2220 tmperpetuum
1612 2122 1657 2195 de

449 2220 585 2320 capitali
615 2222 764 2296 domino
789 2220 886 2296 feodi
911 2222 1006 2296 illius
1035 2249 1098 2321 per
1127 2224 1272 2297 servicia
1298 2223 1380 2296 inde
1402 2221 1522 2297 debita
1547 2238 1584 2295 et
1612 2222 1657 2295 de

441 2321 523 2423 jure
549 2339 738 2397 consueta:
778 2339 815 2395 et
843 2346 910 2423 ego
962 2324 1118 2397 redictus
1145 2325 1323 2419 johannes
1351 2339 1387 2397 et
1416 2322 1562 2397 heredes
1586 2323 1656 2395 mei

447 2422 649 2540 predictam
658 2449 773 2497 acram
790 2440 826 2496 et
838 2349 1021 2498 dimidiam
1038 2450 1152 2498 acram
1180 2443 1270 2499 terre
1295 2449 1377 2498 cum
1403 2423 1569 2498 omnibus
1584 2423 1657 2496 suis

446 2524 670 2640 pertinenciis
687 2523 834 2641 prefatis
849 2525 990 2599 Thome
1006 2542 1041 2599 et
1058 2525 1231 2620 Johanne‚
1245 2525 1349 2599 uxori
1362 2525 1450 2626 ejus,
1467 2523 1657 2599 heredibus

444 2641 482 2698 et
507 2624 692 2741 assignatis
724 2626 833 2724 ipsius
857 2625 1010 2716 Thome,
1037 2644 1160 2701 contra
1178 2652 1301 2700 omnes
1322 2642 1446 2727 gentes
1470 2625 1655 2700 warantiz-

445 2725 607 2800 abimus
599 2743 874 2844 lmperpetuum.

511 2827 562 2900 ln
580 2827 680 2928 cujus
696 2827 747 2901 rei
765 2828 1006 2902 testimonium
1025 2829 1106 2901 huic
1121 2828 1275 2928 presenti
1293 2844 1386 2902 carte
1404 2852 1480 2900 mee
1496 2826 1654 2927 sigillum

444 2952 563 3002 meum
580 2928 739 3029 apposui.

475 3031 657 3104 Datum
682 3029 778 3129 apud
812 3028 1004 3104 Cherltone
1038 3029 1250 3105 duodecimo
1280 3030 1338 3104 die
1362 3027 1531 3105 Octobris
1560 3054 1654 3103 anno

442 3129 542 3229 regni
562 3131 670 3245 Regis
687 3130 837 3205 Henrici
856 3131 972 3230 quarti
991 3149 1071 3230 post
1084 3148 1319 3231 conquestum
1336 3131 1469 3230 Anglie
1485 3131 1651 3205 secundo.

518 3230 605 3304 Hiis
630 3231 799 3306 testibus:
841 3233 994 3307 Ricardo
1023 3249 1079 3306 ate
1105 3233 1271 3332 Berghe3
1316 3231 1481 3306 Henrico
1508 3230 1652 3318 Merle;

440 3330 1031 3503 JohpnneSandercok310hanne
1057 3332 1252 3420 Hemone3
1279 3332 1443 3406 Henrico
1469 3331 1652 3420 Hollane3

442 3445 478 3502 et
495 3456 579 3508 ans,
