3728 5256
456 485 522 556 188
811 479 993 554 DOVER
1020 479 1302 554 CHARTERS

448 680 534 754 dicti
559 680 697 756 domini
725 679 833 780 Regis
858 693 894 752 et
920 678 1089 754 heredum
1114 704 1262 752 suorum
1288 677 1428 768 factam,
1445 679 1663 780 requirentes

447 782 590 856 eosdem
609 781 787 881 Majorem
804 797 840 853 et
858 779 1164 854 Communitatem
1181 781 1276 856 dicte
1293 778 1376 854 ville
1391 782 1436 856 de
1454 780 1662 856 ffeversbam

448 907 510 982 per
525 882 663 956 easdem
681 882 817 956 litteras
833 897 873 956 ut
891 882 957 980 ipsi
975 897 1130 982 quatuor
1146 882 1300 956 Barones
1315 881 1361 955 de
1377 883 1500 956 eadem
1518 883 1601 958 villa
1617 883 1662 956 de

448 981 675 1057 ffevereeham
708 982 922 1057 discrecione
964 998 1000 1055 et
1033 983 1246 1057 sufficiencia
1282 981 1414 1057 habiles
1451 984 1592 1084 eligant,
1624 1000 1660 1057 et

447 1083 580 1158 eisdem
600 1083 735 1185 Majori
761 1101 796 1157 et
815 1083 1071 1158 Communitati
1088 1083 1183 1159 dicte
1210 1084 1290 1159 ville
1309 1085 1483 1174 Dovorre,
1503 1087 1548 1160 ad
1565 1085 1659 1158 diem

448 1187 484 1258 in
525 1185 631 1260 dictis
680 1185 808 1258 litteris
848 1185 1097 1284 specificatum,
1144 1211 1207 1283 per
1256 1185 1392 1258 litteras
1433 1185 1500 1259 sub
1542 1185 1661 1285 sigillo

450 1286 652 1388 Majoratus
667 1285 762 1362 dicte
788 1286 873 1361 ville
888 1288 934 1361 de
952 1285 1179 1360 ffaveresham
1204 1286 1384 1385 sigillatas,
1403 1303 1439 1359 et
1456 1311 1659 1386 percorum

447 1411 672 1461 communem
694 1387 907 1461 servientem
931 1403 1098 1486 portatas,
1121 1403 1303 1460 retornent
1328 1404 1363 1461 et
1390 1388 1593 1476 certificent,
1613 1389 1659 1463 de

446 1487 724 1663 pupibusquidem
749 1505 903 1588 quatuor
919 1488 1115 1562 Batonibus
1137 1489 1185 1561 sic
1211 1489 1330 1561 electis
1349 1489 1458 1562 iidem
1486 1489 1606 1590 Major
1622 1506 1658 1563 et

503 1591 694 1663 mmunitas
709 1589 804 1663 dicte
817 1589 901 1664 ville
918 1590 1085 1663 Dovorre
1103 1614 1227 1678 unum,
1244 1613 1352 1688 quem
1370 1591 1436 1687 ipsi
1454 1615 1516 1687 per
1532 1615 1658 1664 eorum

446 1691 696 1765 discrecionem
722 1691 923 1789 probiorem
939 1708 976 1764 et
993 1688 1199 1764 habiliorem
1225 1691 1380 1765 viderint
1398 1708 1459 1763 aut
1480 1691 1658 1778 sciverint,

446 1790 578 1892 eligent
593 1817 604 1879 ;
629 1808 665 1865 et
682 1816 764 1865 eum
782 1792 825 1866 ad
842 1793 978 1866 dictum
992 1806 1127 1864 certum
1146 1790 1412 1889 parliamentum
1425 1808 1466 1864 ut
1483 1816 1596 1866 unum
1613 1793 1659 1866 de

447 1892 644 1966 Batonibus
662 1893 756 1967 dicte
784 1892 866 1965 ville
895 1893 1061 1966 Dovorre
1088 1917 1169 1966 cum
1196 1892 1306 1965 altero
1336 1893 1471 1965 Barone
1499 1893 1656 1994 ejusdem

447 1993 531 2068 ville
565 1992 693 2066 facient
728 1995 923 2066 retornari:
962 1991 1013 2065 Et
1049 2017 1155 2091 super
1184 1991 1252 2065 hoc
1278 1993 1427 2091 predicti
1466 1994 1589 2094 Major
1621 2010 1657 2066 et

447 2093 695 2167 Communitas
718 2094 812 2169 dicte
837 2094 921 2168 ville
938 2095 1103 2168 Dovorre
1129 2118 1258 2166 nomen
1284 2093 1431 2167 Batonis
1456 2095 1549 2167 dicte
1574 2093 1658 2169 ville

447 2195 493 2268 de
509 2194 739 2268 ffavereeham
765 2221 827 2292 per
852 2196 946 2292 ipsos
972 2195 1150 2295 Majorem
1176 2211 1212 2268 et
1237 2195 1539 2268 Communitatem
1564 2195 1658 2269 dicte

447 2294 531 2369 ville
548 2296 712 2370 Dovorre
729 2294 953 2383 sic'electum,
972 2319 1034 2394 per
1050 2296 1186 2368 litteras
1201 2321 1282 2368 suas
1303 2296 1368 2370 sub
1385 2295 1501 2395 sigillo
1519 2295 1659 2397 Major-

446 2412 525 2470 atus
537 2398 632 2470 dicte
644 2396 727 2470 ville
740 2397 904 2472 Dovorre
916 2395 1092 2495 sigillatas,
1108 2413 1145 2469 et
1158 2421 1228 2496 que
1241 2421 1304 2494 per
1316 2421 1428 2470 unum
1445 2399 1657 2471 servientem

448 2497 626 2572 dictorum
663 2497 816 2598 Majoris
849 2513 885 2570 et
928 2495 1206 2571 communitatis
1238 2497 1333 2572 dicte
1374 2497 1458 2572 ville
1491 2498 1657 2572 Dovorre

447 2597 669 2686 differentur,
695 2599 799 2672 dictis
826 2597 960 2698 Majori
986 2614 1021 2671 et
1040 2597 1296 2672 Communitati
1322 2598 1480 2697 predicte
1504 2599 1587 2672 ville
1612 2598 1657 2672 de

448 2699 656 2774 ffaversham
687 2699 942 2772 notificabunt:
987 2700 1156 2798 Dictique
1191 2699 1312 2799 Major
1344 2715 1381 2773 et
1411 2699 1659 2774 Communitas

449 2802 604 2898 predicte
617 2800 701 2875 ville
712 2802 757 2875 de
770 2799 999 2874 ffaveresham
1012 2815 1049 2873 et
1061 2824 1275 2873 successores
1287 2800 1657 2898 sui*recepticionem

446 2902 540 2976 dicte
566 2903 681 2975 littere
711 2902 747 2974 in
781 2901 865 2976 villa
894 2902 938 2975 de
967 2899 1194 2974 ffaveresham
1223 2901 1380 2998 predicta
1408 2925 1470 3000 per
1503 2903 1657 2976 eundem

447 3004 659 3078 servientem
699 3003 792 3076 dicte
834 3002 917 3075 ville
947 3001 1113 3076 Dovorre
1144 3002 1277 3076 eisdem
1309 3002 1444 3102 Majori
1477 3019 1513 3075 et
1546 3003 1657 3077 Com-

447 3105 613 3177 munitati
631 3103 725 3176 dicte
750 3103 834 3178 ville
860 3104 1027 3176 Dovorre
1052 3127 1113 3200 per
1138 3100 1241 3176 aliam
1266 3103 1430 3195 litteram,
1449 3105 1515 3176 sub
1539 3105 1656 3203 sigillo

447 3204 637 3303 majoratus
662 3205 756 3278 dicte
781 3202 865 3278 ville
888 3205 934 3279 de
960 3201 1201 3290 ffavereshum,
1219 3204 1411 3276 certificent
1436 3220 1472 3277 et
1497 3205 1657 3278 notifica-

447 3304 560 3378 bunt:
589 3304 639 3377 Et
655 3305 823 3403 quociens
848 3305 1031 3402 continget
1047 3304 1163 3378 dictos
1186 3304 1365 3406 Majorem
1391 3320 1427 3378 et
1445 3306 1656 3380 Communi-

446 3420 556 3478 tatem
585 3406 678 3478 dicte
706 3403 790 3479 ville
819 3405 984 3479 Dovorre
1022 3404 1168 3478 heredes
1192 3421 1231 3479 et
1261 3429 1474 3478 successores
1502 3431 1584 3480 suos
1617 3409 1655 3480 in

446 3505 694 3578 certificatione
709 3521 771 3579 aut
788 3521 945 3594 retorno,
964 3508 1072 3581 modo
1087 3521 1124 3579 et
1140 3504 1254 3579 forma
1269 3507 1430 3604 superius
1445 3507 1653 3604 specificato,

444 3606 592 3680 deficere
608 3604 706 3705 quod
724 3607 856 3681 tociens
880 3607 987 3681 iidem
1006 3605 1128 3706 Major
1144 3623 1180 3681 et
1197 3607 1442 3680 Communitas
1458 3608 1603 3682 heredes
1618 3626 1655 3683 et

445 3731 657 3781 successores
681 3709 735 3780 sui
758 3707 852 3781 dicte
868 3706 951 3782 ville
972 3708 1137 3780 Dovorre
1165 3707 1304 3784 solvant
1329 3709 1432 3782 dictis
1457 3708 1589 3809 Majori
1616 3725 1652 3783 et

446 3809 705 3883 Communiteti
739 3808 821 3882 ville
850 3810 896 3884 de
937 3808 1167 3882 ffaveresham
1201 3810 1357 3906 predicte
1389 3809 1576 3884 heredibus
1616 3829 1652 3885 et

444 3911 700 3984 successoribus
724 3911 795 3983 suis
822 3910 948 4009 viginti
978 3910 1111 3983 solidos
1136 3909 1385 4010 sterlingorum
1417 3911 1462 3984 de
1489 3911 1590 3985 bonis
1616 3928 1653 3985 et

444 4013 576 4085 catallis
591 4012 769 4085 dictorum
786 4012 965 4085 baronum
990 4011 1155 4086 Dovorre
1172 4011 1343 4087 heredum
1360 4027 1396 4084 et
1413 4035 1652 4086 successorum

443 4137 601 4205 suorum,
620 4113 656 4186 in
673 4113 958 4213 quibuscumque
973 4113 1060 4185 locis
1072 4113 1230 4212 quinque
1246 4129 1433 4210 portuum,
1450 4129 1652 4187 aureorum
