3738 5304
454 493 524 586 308
813 487 994 564 novun
1021 490 1300 565 ennarrans

450 693 524 767 sive
540 692 741 792 aliquorum
758 705 987 780 statutorum,
1002 691 1040 763 in
1056 691 1295 766 Parliamento
1307 692 1404 789 apud
1417 691 1665 766 westmonas-

450 795 581 867 terium
608 809 721 882 tento,
749 817 842 865 anno
868 793 968 892 regni
997 793 1225 889 precarissimi
1253 793 1362 891 patris
1390 795 1501 868 nostri
1536 794 1660 882 tercio,

453 921 519 994 pro
554 892 810 968 reformacione
845 909 1094 991 corruptarum
1128 909 1163 966 et
1189 893 1391 968 illicitarum
1417 895 1661 996 barganiarum

451 1012 582 1069 extunc
600 994 718 1084 fiend’,
736 995 915 1069 editorum
933 1011 969 1068 et
985 995 1224 1093 provisorum,
1242 1021 1281 1069 ac
1306 1012 1429 1069 contra
1455 993 1607 1070 formam
1625 1011 1662 1068 ct

452 1096 714 1170 ordinacionem
752 1094 897 1169 alterius
934 1097 1057 1168 statuti
1096 1097 1170 1169 sive
1203 1095 1441 1170 ordinacionis
1467 1098 1503 1170 in
1529 1096 1662 1170 Parlia-

454 1213 576 1271 mento
591 1199 686 1296 apud
704 1196 1074 1286 westmonasterium,
1100 1223 1194 1272 anno
1210 1199 1309 1296 regni
1327 1197 1478 1296 predicti
1496 1197 1660 1272 carissimi

453 1297 563 1398 patris
580 1297 691 1372 nostri
720 1298 910 1371 undecimo
936 1314 1049 1388 tento,
1077 1298 1239 1371 similiter
1266 1298 1352 1372 editi
1380 1313 1417 1372 et
1444 1299 1576 1399 provisi
1595 1323 1661 1397 pro

453 1401 641 1500 punicione
665 1425 852 1472 usurarum
875 1399 949 1472 sive
977 1413 1200 1474 usuratorum
1228 1415 1264 1471 et
1291 1424 1356 1499 pro
1384 1399 1601 1474 feneratione
1626 1415 1664 1472 et

453 1503 668 1600 prestatione
694 1501 768 1574 sive
795 1499 995 1574 imitatione
1022 1517 1163 1574 monete
1190 1515 1313 1574 contra
1340 1499 1493 1575 formam
1519 1501 1663 1575 ordina-

453 1603 563 1677 cionis
579 1605 653 1676 sive
670 1619 769 1676 actus
784 1601 889 1692 illius,
908 1602 981 1674 sive
997 1600 1143 1702 alicujus
1159 1601 1303 1676 alterius
1315 1618 1415 1676 actus
1430 1603 1504 1676 sive
1521 1601 1664 1676 ordina-

454 1703 563 1778 cionis
575 1705 658 1776 inde
671 1702 757 1777 editi
770 1718 806 1776 et
819 1702 961 1801 provisi.
1011 1703 1282 1777 Peneonnnus
1293 1703 1436 1802 insuper
1448 1702 1663 1777 remittimus

454 1821 490 1878 et
507 1803 700 1878 relaxamus
716 1803 848 1877 eisdem
868 1803 1012 1903 Majori,
1029 1803 1178 1892 Ballivo,
1200 1819 1235 1877 ct
1261 1802 1520 1880 Communitati
1546 1804 1661 1878 omni-

453 1905 578 1979 modas
604 1903 754 1978 offensas
779 1921 816 1976 et
843 1905 1136 2005 transgressiones
1163 1904 1275 1996 nobis,
1296 1931 1359 1978 seu
1376 1905 1479 1978 alicui
1497 1904 1664 2007 progeni-

454 2022 574 2079 torum
604 2005 679 2080 sive
708 2005 991 2105 predecessorum
1023 2013 1237 2095 nostrorum,
1268 2032 1331 2104 per
1360 2006 1454 2106 ipsos
1472 2007 1662 2108 Majorem,

455 2105 643 2194 Ballivum,
660 2121 696 2179 et
713 2105 1028 2196 communitatem,
1042 2124 1165 2180 contra
1183 2106 1337 2181 formam
1354 2133 1663 2208 quorumcumque

453 2225 489 2280 et
505 2207 729 2307 singulorum
747 2222 963 2280 statutorum
980 2207 1025 2281 de
1042 2233 1113 2283 non
1127 2209 1342 2284 inveniendo
1358 2211 1583 2284 securitatem
1600 2234 1663 2306 per

454 2309 714 2408 recognitiones
735 2307 774 2380 in
794 2307 1011 2383 Cancellario
1034 2325 1157 2384 nostro
1179 2326 1260 2410 post
1282 2310 1427 2410 aliquod
1449 2309 1663 2386 escambium

454 2435 517 2509 per
535 2411 628 2509 ipsos
647 2409 838 2509 Majorcm,
859 2409 1045 2500 Ballivum,
1062 2427 1099 2484 et
1126 2411 1441 2502 Communitatem,
1468 2427 1530 2486 aut
1557 2426 1663 2484 testa-

453 2527 548 2584 tores
576 2535 671 2599 suos,
701 2511 775 2582 sive
804 2509 957 2609 aliquem
993 2512 1101 2584 alium
1137 2512 1389 2587 obintestatum
1422 2513 1663 2599 decedentem,

454 2611 557 2712 cujus
596 2609 857 2686 administracio
896 2612 1071 2686 bonorum
1104 2612 1237 2687 eisdem
1274 2614 1418 2714 Majori,
1449 2613 1597 2704 Ballivo,
1626 2628 1663 2685 et

455 2712 713 2787 communitati
743 2712 928 2786 commissa
956 2711 1036 2804 fuit,
1064 2730 1144 2787 ante
1169 2714 1319 2788 eundem
1348 2715 1442 2789 diem
1471 2714 1590 2803 factas,
1618 2715 1663 2786 ad

455 2813 671 2912 approvand'
697 2812 790 2887 infra
814 2838 962 2914 regnum
989 2831 1151 2888 nostrum
1169 2815 1213 2890 de
1230 2815 1541 2890 commoditatibus
1558 2815 1664 2915 hujus

456 2915 554 3016 regni
583 2915 627 2988 ad
656 2915 811 2986 valorem
838 2914 888 2987 rei
916 2929 952 2987 et
979 2916 1126 3014 pecunie
1146 2940 1208 3014 per
1231 2915 1327 3013 ipsos
1345 2917 1535 3017 Majorem,
1556 2917 1664 2991 Balli-

457 3042 555 3108 vum,
586 3033 622 3088 et
655 3015 959 3090 communitatem
989 3015 1037 3088 sic
1066 3016 1285 3090 escambitis:
1324 3019 1380 3091 Ac
1413 3043 1537 3092 omnes
1561 3017 1665 3090 foris-

456 3115 618 3204 facturas,
646 3116 861 3215 penalitates,
895 3134 931 3191 et
964 3117 1188 3191 denariorum
1219 3143 1374 3192 summas
1403 3119 1504 3192 nobis
1533 3119 1569 3192 in
1599 3119 1664 3193 hac

456 3234 553 3315 parte
604 3214 740 3290 debitas
782 3217 855 3291 sive
903 3217 1141 3317 pertinentes:
1194 3220 1251 3292 Ac
1296 3220 1519 3295 omnimodas
1559 3218 1665 3293 foris-

456 3317 619 3404 facturas,
662 3317 931 3408 concelamenta,
983 3317 1219 3418 dcccpciones,
1273 3347 1406 3408 usuras,
1460 3337 1665 3396 conuactus

456 3442 655 3505 usurarum,
683 3418 863 3520 barganias
893 3436 1085 3517 corruptas,
1120 3421 1368 3510 chevesancias,
1398 3423 1664 3512 convenciones,

456 3518 703 3608 coloraciones,
721 3519 901 3608 escambia,
925 3521 1153 3594 re-escambia
1176 3539 1344 3621 corrupta
1364 3537 1401 3596 et
1423 3523 1555 3614 illicita,
1580 3524 1665 3597 mis·

457 3619 641 3719 prisiones,
657 3636 893 3719 contemptus,
911 3621 1164 3719 impeticiones,
1192 3625 1424 3724 recepciones,
1450 3626 1663 3724 emptiones,

456 3722 707 3810 mutuaciones
719 3721 963 3820 prestationes,
976 3721 1148 3798 facciones
1165 3741 1200 3798 et
1217 3726 1442 3800 vendiciones
1458 3727 1664 3800 illicitorum

457 3849 656 3923 pannorum
681 3824 876 3912 laneorum,
906 3821 1087 3913 liniarum,
1116 3826 1323 3916 cericorum,
1353 3827 1524 3918 lanarum,
1554 3825 1666 3902 corri-

456 3951 572 4015 orum,
588 3941 808 4014 stannorum,
832 3924 1072 4022 plumborum,
1100 3929 1411 4018 mercandizarum,
1439 3928 1664 4004 mercimoni-

457 4051 576 4115 orum,
603 4050 642 4098 ac
669 4025 815 4098 aliarum
843 4051 963 4100 rerum
989 4053 1308 4129 quarumcumque,
1329 4056 1368 4104 ac
1394 4029 1665 4106 deliberationes

457 4128 674 4202 eorundem:
713 4127 863 4201 Necnon
890 4125 1027 4202 illicitas
1054 4131 1279 4205 vendiciones
1305 4156 1373 4230 pro
1401 4157 1471 4206 non
1499 4147 1665 4233 prompta

456 4226 632 4302 solutione
659 4227 883 4302 denariorum
909 4253 1140 4320 summarum,
1157 4233 1213 4304 vel
1241 4233 1552 4307 mercimoniorum
1570 4256 1664 4306 mer-

457 4328 633 4402 catoribus
661 4330 832 4402 extraneis
861 4329 1099 4420 venditorum,
1132 4333 1189 4405 vel
1218 4358 1286 4432 pro
1314 4333 1439 4408 diebus
1475 4333 1664 4408 solucionis
