3728 5256
445 490 515 561 180
800 486 982 560 DOVER
1010 483 1293 560 CHARTERS

441 690 619 778 Dovorre,
640 689 677 782 ¹si
713 711 849 762 necesse
880 684 1000 775 fuerit,
1031 684 1150 761 debita
1183 683 1453 784 compellantur,
1483 698 1519 756 et
1552 683 1652 783 quod

440 790 560 864 omnia
592 789 713 862 catalla
743 790 922 863 Baronum
956 805 992 862 et
1026 783 1191 876 aliorum,
1221 787 1294 860 sive
1323 801 1423 861 extra
1453 784 1653 858 libertatem

442 889 574 964 fuerint
590 889 664 965 sive
680 887 780 978 infra,
796 915 867 990 que
883 913 950 988 pro
966 887 1109 990 navigio
1125 904 1161 962 et
1178 887 1327 962 servicio
1343 886 1511 987 predictis
1528 909 1654 959 manu-

443 991 594 1066 tenenda
608 1007 644 1065 et
661 987 821 1066 facienda
836 1005 1000 1070 mentm
1023 990 1067 1063 ad
1093 988 1232 1088 tallagia
1256 1014 1318 1062 seu
1344 987 1410 1062 alia
1434 1012 1540 1062 onera
1564 1011 1654 1086 que-

442 1117 607 1193 cumque,
626 1116 707 1166 cum
724 1090 825 1166 bonis
841 1106 877 1165 et
894 1089 1025 1164 catallis
1044 1090 1231 1164 hominum
1257 1087 1512 1164 forinsecorum
1540 1085 1654 1160 nulla-

444 1211 547 1267 tenus
584 1209 774 1282 taxentur3
814 1217 947 1292 nosque
985 1207 1094 1264 cartas
1132 1189 1208 1265 illas
1242 1215 1305 1290 per
1335 1205 1465 1264 cartam
1496 1203 1653 1262 nostram

444 1293 754 1369 confirmavimus:
804 1309 841 1368 et
882 1291 1030 1368 ulterius
1072 1291 1318 1383 concessimus,
1362 1316 1428 1390 pro
1471 1287 1578 1368 nobis,
1615 1305 1652 1363 et

444 1395 633 1471 heredibus
659 1393 798 1484 nostris,
826 1394 960 1470 eisdem
991 1391 1186 1467 Batonibus
1213 1410 1383 1490 portuum
1412 1391 1654 1491 predictorum

444 1499 542 1598 quod
560 1497 642 1570 licet
659 1495 725 1596 ipsi
743 1496 799 1569 vel
816 1510 1049 1569 antecessores
1065 1492 1119 1568 sui
1135 1493 1252 1594 aliqua
1269 1493 1323 1565 vel
1347 1491 1522 1593 aliquibus
1547 1491 1654 1565 liber-

445 1612 561 1672 tatum
581 1614 617 1670 et
643 1597 919 1697 quittanciarum
946 1595 983 1668 in
1010 1595 1113 1670 dictis
1140 1594 1242 1668 cartis
1268 1610 1513 1669 contentarum
1535 1592 1654 1692 aliquo

446 1725 527 1773 casu
543 1713 745 1796 emergente
762 1696 864 1796 plene
881 1695 1037 1795 usi[tati]
1053 1694 1184 1769 fuerint
1197 1695 1305 1769 iidem
1319 1711 1435 1770 tamen
1450 1697 1603 1768 Barones
1616 1719 1654 1766 ac

446 1825 570 1875 eorum
595 1798 740 1873 heredes
764 1815 800 1871 et
825 1821 1039 1872 successores
1065 1795 1283 1872 libertatibus
1300 1812 1336 1869 et
1352 1793 1558 1896 quietanciis
1575 1819 1655 1894 pre-

445 1901 551 1975 dictis
567 1915 604 1972 et
620 1924 740 1973 earum
757 1897 915 1999 qualibet
930 1898 1106 1998 gaudeant
1122 1913 1158 1970 et
1176 1914 1334 1986 utantur,
1351 1897 1425 1971 sine
1441 1897 1580 1970 accione
1597 1895 1654 1968 vel

446 2000 704 2100 impedimento
720 2000 843 2090 nostri,
862 2001 917 2074 vel
934 1999 1104 2072 heredum
1122 2015 1339 2087 nostrorum,
1358 1997 1654 2093 justitiariorum,

447 2101 970 2189 Escaetorum,Vicecomitum,
983 2114 1044 2174 aut
1055 2099 1207 2174 aliorum
1218 2099 1435 2174 ballivorum
1448 2125 1508 2173 seu
1523 2096 1657 2172 Minis-

446 2220 586 2282 trorum
605 2217 822 2290 nostrorum,
841 2200 897 2274 vel
914 2200 1084 2274 heredum
1112 2215 1316 2274 nostrorum
1333 2225 1654 2301 quorumcumque,

448 2319 556 2403 prout
572 2303 610 2376 in
627 2303 729 2376 cartis
745 2316 781 2376 et
797 2301 1067 2376 confirmacione
1084 2301 1251 2400 predictis
1275 2300 1413 2399 plenius
1438 2302 1653 2375 continetur.

448 2403 559 2479 Vobis
597 2404 803 2477 mandamus
837 2404 937 2519 quod
965 2400 1127 2477 homines
1155 2401 1319 2476 villarum
1349 2401 1394 2475 de
1424 2403 1589 2504 Mergate
1618 2417 1656 2474 et

449 2503 656 2593 Gorisende,
689 2529 727 2578 ac
761 2504 922 2580 honunes
946 2503 1190 2602 parochiarum
1225 2505 1434 2578 Sanctorum
1472 2503 1656 2598 Johannis,

449 2607 558 2696 Petri,
608 2603 786 2694 Nicholai‚
809 2619 867 2696 ‚et
915 2605 1091 2679 Omnium
1137 2605 1346 2678 Sanctorum
1388 2604 1434 2678 de
1483 2604 1657 2702 Birchyn-

448 2724 545 2799 tone,
572 2705 691 2780 Wode
708 2706 745 2779 in
763 2705 882 2780 insula
904 2704 948 2780 de
974 2706 1151 2796 Thaneto,
1179 2721 1214 2778 et
1242 2705 1402 2779 homines
1428 2705 1473 2778 de
1491 2707 1656 2806 Kynges-

449 2809 553 2899 done,
582 2825 618 2881 et
647 2808 692 2881 de
722 2807 885 2906 parochia
912 2806 958 2881 de
988 2803 1335 2980 Ryngewoldlq'uxta
1351 2807 1567 2895 Dovorram,
1584 2831 1656 2906 que

448 2927 532 2984 sunt
562 2906 720 2982 membra
748 2923 785 2981 et
814 2907 1025 2983 advocantes
1054 2907 1186 2981 Portus
1251 2933 1402 2980 ovorre:
1442 2907 1656 3007 eosdemque

448 3011 610 3086 homines
634 3011 846 3084 advocantes
871 3034 908 3082 se
934 3010 980 3083 de
1007 3009 1129 3083 eadem
1149 3007 1321 3097 libertate,
1337 3024 1374 3081 et
1390 3032 1513 3082 eorum
1530 3032 1658 3108 quem-

448 3113 548 3200 libet,
574 3112 619 3184 de
646 3108 853 3225 hujusmodi
880 3108 1079 3198 theoloneo,
1107 3109 1372 3199 consuetudine,
1405 3107 1562 3208 lastagio,
1591 3107 1658 3183 tal-

449 3215 554 3314 lagio,
572 3235 741 3312 passagro,
760 3209 911 3310 cayagio,
931 3209 1078 3310 rivagio,
1096 3236 1115 3282 a
1131 3209 1312 3310 pontagio,
1330 3226 1366 3284 et
1385 3210 1484 3284 omni
1500 3235 1603 3299 wrec,
1620 3224 1657 3283 et

450 3315 494 3388 de
511 3329 586 3386 tota
603 3310 810 3390 vendicioue¹
825 3310 947 3384 achato
963 3327 999 3383 et
1018 3310 1159 3385 rechato
1175 3335 1251 3399 suo,
1265 3336 1327 3409 per
1344 3327 1456 3384 totam
1473 3326 1603 3384 terram
1620 3326 1658 3383 et

451 3428 661 3513 potestatem
689 3427 857 3502 nostram,
885 3436 967 3485 cum
994 3436 1092 3486 socca
1120 3427 1156 3484 et
1183 3435 1290 3501 sacca,
1317 3427 1353 3484 et
1380 3409 1457 3485 thol
1483 3427 1519 3485 et
1546 3412 1656 3500 them,

451 3512 599 3612 wrecfry
615 3529 652 3587 et
667 3509 835 3609 wittefry,
848 3526 885 3585 et
901 3511 1088 3612 lestagefry
1104 3527 1140 3586 et
1160 3509 1379 3611 lovecopfry,
1393 3528 1429 3586 et
1440 3512 1486 3588 de
1502 3513 1604 3586 shiris
1621 3528 1658 3585 et

449 3614 654 3702 hundredis,
678 3611 817 3730 quietos
842 3637 915 3685 esse
940 3612 1163 3711 permittatis,
1181 3611 1285 3713 juxta
1305 3629 1465 3686 tenorem
1482 3630 1656 3688 cartarum

450 3733 487 3790 et
502 3712 781 3791 confirmacionis
797 3713 1050 3813 predictorum,
1068 3738 1107 3786 ac
1124 3713 1230 3811 ipsos,
1255 3739 1316 3786 seu
1341 3739 1466 3789 eorum
1491 3713 1535 3788 ali
1563 3739 1657 3804 uem,

451 3819 488 3892 in
506 3817 619 3916 assisis
630 3815 760 3917 juratis
777 3839 838 3888 seu
855 3813 1157 3914 recognitionibus
1182 3814 1361 3913 aliquibus
1385 3815 1520 3890 ratione
1537 3741 1659 3889 lorin-

449 3945 526 3993 sece
552 3936 677 3991 tenure
702 3941 762 3990 sue
787 3940 905 3989 coram
932 3914 1032 3989 vobis
1057 3915 1214 4013 capiend’
1240 3941 1312 3989 non
1338 3916 1476 4014 ponatis
1493 3941 1553 3991 seu
1571 3918 1656 4017 poni

450 4021 595 4110 faciatis,
623 4033 746 4092 contra
772 4034 930 4090 tenorem
957 4031 1129 4090 cartarum
1155 4031 1191 4091 et
1218 4016 1498 4092 confirmacionis
1520 4019 1660 4118 predic-

451 4139 578 4210 tarum,
600 4145 662 4193 nec
679 4119 774 4217 ipsos
790 4143 851 4191 seu
871 4141 997 4191 eorum
1020 4117 1173 4216 aliquem
1199 4133 1322 4192 contra
1346 4134 1505 4193 tenorem
1531 4145 1659 4194 earun-

450 4225 534 4299 dem
550 4220 742 4296 molestetis
759 4219 794 4290 in
811 4219 940 4319 aliquo,
960 4244 1020 4291 seu
1042 4218 1206 4318 gravetis.

526 4326 660 4398 Teste:
688 4321 861 4416 Johanne,
879 4322 968 4395 duce
986 4316 1197 4408 Bedeforde,
1215 4319 1372 4396 Custode
1389 4319 1533 4421 Anglie,
1561 4324 1657 4421 apud

452 4426 605 4499 Westrn.
625 4422 671 4524 xij
690 4422 749 4496 die
765 4418 935 4495 Octobris
951 4445 1044 4494 anno
1060 4420 1161 4523 regni
1179 4423 1291 4495 nostri
1309 4421 1429 4500 tercio.

550 4525 678 4622 Duppl.
701 4521 921 4620 Gaunstede]

457 4630 521 4728 [17
