3702 5256
435 429 506 520 3⁸⁸
795 423 971 498 novun
998 422 1275 498 crrnnrsns

933 687 1143 772 CXIII.

610 861 900 946 itJSeptembrts,
922 859 1279 944 annuaetserur
1302 865 1340 930 et
1362 861 1455 928 Mar.

436 1015 526 1092 Hac
563 1016 808 1109 lnusnrurtn,
838 1020 1008 1091 Testatur
1035 1019 1135 1116 quod
1168 1018 1326 1092 Adriane
1355 1017 1495 1104 White,
1522 1017 1645 1117 Major

434 1117 521 1192 ville
554 1133 590 1192 et
616 1135 740 1217 portus
769 1118 943 1206 Dovorie,
978 1118 1015 1191 in
1051 1117 1236 1192 Comitatu
1273 1118 1418 1206 Kancie,
1448 1117 1644 1216 Stephanus

434 1217 660 1308 Andersone,
701 1219 879 1314 Johannes
928 1218 1099 1333 Gnaipps,
1152 1219 1313 1292 Thomas
1362 1218 1556 1308 Androwe,
1606 1233 1643 1291 et

436 1319 609 1394 Ricardus
638 1320 784 1418 Mylles,
819 1318 996 1393 Custodes
1017 1319 1110 1393 drcte
1135 1317 1229 1409 ville,
1255 1319 1413 1392 unanimi
1441 1343 1581 1392 assensu
1607 1334 1644 1390 et

435 1419 639 1494 *consensu
668 1421 783 1495 tocius
813 1418 1092 1494 communitatis
1119 1419 1278 1520 ejusdem
1304 1419 1540 1508 tradiderunt,
1559 1444 1644 1493 con-

435 1538 626 1611 cesserunt,
643 1538 679 1594 et
697 1521 741 1595 ad
759 1519 855 1594 feodi
873 1521 1012 1593 firmam
1029 1519 1240 1595 dimiserunt
1267 1518 1463 1594 Edmundo
1488 1519 1641 1610 Whitte,

436 1621 520 1696 ville
536 1621 696 1696 Dovorie
713 1620 881 1720 predicte,
892 1645 1052 1719 yeoman,
1072 1637 1190 1695 totum
1207 1619 1297 1696 illud
1315 1637 1479 1695 nostrum
1491 1645 1642 1720 parvum

434 1736 679 1796 tenementum
708 1723 745 1796 in
779 1747 853 1822 quo
885 1722 1031 1820 quidem
1062 1721 1242 1816 johannes
1270 1721 1497 1811 [awraunce
1518 1719 1641 1818 tayler,

435 1823 543 1898 modo
577 1822 761 1912 inhabitat,
787 1823 988 1914 scituatum,
1014 1822 1204 1922 jacentem,
1238 1837 1274 1896 et
1307 1823 1515 1896 existentem
1549 1818 1642 1894 infra

434 1921 664 1997 'libertatem
681 1922 765 1996 ville
778 1921 940 1997 Dovorie
952 1923 1120 2021 predicte,
1134 1923 1226 1996 inter
1243 1939 1433 2021 partucum
1453 1921 1640 2021 messuagii

433 2023 582 2164 predicti
599 2022 794 2097 ‘Adriam'r
813 2047 933 2097 versus
949 2039 1031 2112 east,
1049 2039 1085 2096 et
1102 2041 1290 2121 parturum
1315 2022 1349 2097 le
1370 2023 1474 2096 seller
1491 2021 1639 2122 predicti

466 2123 629 2198 Adrianu
647 2124 788 2197 Whitte
817 2148 938 2197 versus
955 2140 1069 2216 weast,
1088 2139 1153 2200 etc.
1207 2123 1392 2198 Hnsurru'
1412 2148 1457 2197 rr
1475 2122 1640 2196 ranrnu’

436 2223 636 2322 predictum
677 2222 925 2323 ‘parvumum
958 2239 1201 2298 tenementum
1243 2249 1326 2296 cum
1368 2223 1533 2299 omnibus
1566 2221 1641 2295 suis

433 2323 655 2424 pertinentiis
671 2323 809 2422 prefato
825 2323 1023 2400 Edmundo
1039 2324 1192 2414 Whitte,
1204 2323 1391 2398 heredibus
1407 2340 1443 2398 et
1459 2325 1522 2398 ass'
1550 2323 1642 2396 natis

433 2425 519 2516 suis,
554 2424 695 2498 efecto
723 2425 991 2525 Assumptionis
1026 2423 1124 2498 beate
1161 2424 1279 2498 Marie
1312 2424 1469 2524 Virginis
1550 2423 1642 2498 timo

434 2525 604 2624 preterito
630 2541 711 2599 ante
739 2522 865 2599 datum
886 2525 1103 2624 presentium
1136 2524 1182 2599 de
1214 2549 1308 2599 anno
1333 2526 1371 2599 in
1404 2549 1535 2598 anuum
1566 2549 1640 2597 uno

434 2643 515 2725 post
532 2625 685 2699 *allium
704 2623 875 2726 usquead
892 2626 999 2700 finem
1015 2642 1052 2700 et
1078 2624 1270 2699 terminum
1288 2625 1450 2699 lxruocix⁰
1465 2649 1639 2699 annorum

434 2743 564 2800 extunc
589 2726 835 2824 proximorum
861 2725 1082 2825 sequentium
1116 2727 1204 2800 adeo
1228 2727 1381 2824 plenarie
1415 2724 1637 2824 complend':

436 2825 595 2901 ffaciend'
621 2827 705 2901 inde
738 2825 925 2901 servicium
960 2827 1191 2902 dominorum
1225 2826 1333 2926 Regis
1365 2841 1400 2899 et
1434 2825 1572 2926 Regina
1605 2841 1641 2898 et

433 2926 692 3002 successoribus
715 2927 788 3000 suis
812 2927 1007 3000 secundum
1033 2927 1327 3000 consuetudinem
1347 2925 1431 3000 ville
1454 2943 1491 3000 et
1516 2941 1641 3025 portus

433 3029 593 3103 Dovorie
618 3053 699 3101 cum
724 3027 912 3102 acciderit:
939 3051 978 3100 ac
1004 3028 1110 3101 etiam
1137 3025 1282 3101 redend’
1307 3043 1343 3101 et
1368 3027 1528 3102 solvend’
1556 3027 1640 3100 inde

433 3128 616 3202 annuatim
660 3127 794 3228 Majori
836 3143 872 3200 et
900 3126 1132 3216 ⁴Custodibus
1181 3126 1275 3203 dicte
1320 3127 1406 3202 ville
1446 3128 1509 3227 qui
1552 3143 1639 3200 tunc

434 3252 500 3326 pro
525 3244 685 3326 tempore
709 3225 887 3302 ‘fuerunt
912 3227 950 3300 in
975 3226 1069 3300 festo
1097 3229 1365 3327 Assumptionis
1394 3228 1492 3301 beate
1523 3227 1640 3302 Marie

433 3329 591 3426 Virginis
608 3328 677 3402 vid.
704 3353 771 3426 pro
797 3326 981 3400 ‘annualli
1007 3327 1166 3402 redittu:
1204 3345 1240 3402 et
1265 3327 1294 3400 si
1328 3329 1509 3427 contingat
1538 3329 1638 3427 quod

432 3428 569 3502 dictum
602 3429 788 3502 annualem
828 3426 1009 3502 redditum
1042 3427 1087 3502 de
1120 3453 1180 3501 sex
1208 3428 1401 3503 ‘denarios
1429 3430 1474 3503 ad
1508 3426 1638 3502 festum

433 3529 633 3628 predictum
675 3553 750 3628 quo
781 3529 872 3602 solvi
914 3528 1041 3603 debeat
1073 3545 1208 3603 arretro
1233 3527 1324 3602 ffore
1365 3531 1402 3602 in
1435 3545 1535 3628 parte
1566 3528 1640 3604 vell

434 3631 470 3704 in
487 3645 566 3704 toto
582 3628 677 3702 ultra
701 3629 892 3702 terminum
909 3629 1110 3728 predictum
1127 3654 1190 3727 per
1214 3629 1369 3728 spacium
1386 3643 1470 3706 xva
1486 3630 1638 3718 dierum,

432 3747 519 3805 tunc
559 3727 699 3803 licitum
732 3729 800 3803 erit
834 3729 967 3830 Majori
1009 3747 1045 3804 et
1087 3729 1306 3805 Custodibus
1347 3731 1431 3804 ville
1471 3731 1637 3828 predicte,

432 3832 496 3931 qui
523 3847 609 3904 tunc
636 3855 702 3929 pro
730 3847 891 3928 tempore
917 3829 1073 3918 fuerunt,
1103 3830 1141 3903 in
1171 3831 1370 3930 predictum
1397 3847 1638 3906 tenementum

432 3958 514 4006 cum
547 3930 712 4005 omnibus
744 3929 817 4004 suis
846 3930 1078 4028 pertinentiis,
1108 3931 1152 4004 ad
1182 3956 1489 4031 quorumcumque
1516 3957 1641 4004 manus

431 4033 600 4120 evenerit,
651 4033 830 4120 reintrare,
872 4029 1050 4122 rehabere,
1105 4048 1142 4105 et
1175 4032 1361 4131 *paciffice
1402 4031 1555 4132 gaudere
1597 4047 1638 4119 ut

431 4135 468 4207 in
523 4149 618 4207 statu
670 4157 736 4206 suo
777 4131 939 4230 pristino,
982 4157 1020 4206 ac
1062 4131 1260 4230 predictum
1313 4131 1551 4206 Edmundum
1602 4148 1639 4205 et
