<?xml version="1.0" encoding="UTF-8"?>
<!DOCTYPE html PUBLIC "-//W3C//DTD XHTML 1.0 Transitional//EN"
    "http://www.w3.org/TR/xhtml1/DTD/xhtml1-transitional.dtd">
<html xmlns="http://www.w3.org/1999/xhtml" xml:lang="en" lang="en">
 <head>
  <title>
</title>
<meta http-equiv="Content-Type" content="text/html;charset=utf-8" />
  <meta name='ocr-system' content='tesseract 3.04.00' />
  <meta name='ocr-capabilities' content='ocr_page ocr_carea ocr_par ocr_line ocrx_word'/>
</head>
<body>
  <div class='ocr_page' id='page_1' title='image "./doverchartersan01statgoog/doverchartersan01statgoog_0393.png"; bbox 0 0 3716 5290; ppageno 0'>
   <div class='ocr_carea' id='block_1_1' title="bbox 463 425 1306 522">
    <p class='ocr_par' dir='ltr' id='par_1_1' title="bbox 463 425 1306 522">
     <span class='ocr_line' id='line_1_1' title="bbox 463 425 1306 522; baseline 0.005 -26"><span class='ocrx_word' id='word_1_1' title='bbox 463 447 483 521; x_wconf 88' lang='lat'>3</span> <span class='ocrx_word' id='word_1_2' title='bbox 489 428 533 522; x_wconf 82' lang='lat'>58</span> <span class='ocrx_word' id='word_1_3' title='bbox 823 427 1003 500; x_wconf 91' lang='lat' dir='ltr'>DOVER</span> <span class='ocrx_word' id='word_1_4' title='bbox 1029 425 1306 503; x_wconf 83' lang='lat' dir='ltr'>CHARTERS</span> 
     </span>
    </p>
   </div>
   <div class='ocr_carea' id='block_1_2' title="bbox 459 623 1670 2133">
    <p class='ocr_par' dir='ltr' id='par_1_2' title="bbox 459 623 1669 1531">
     <span class='ocr_line' id='line_1_2' title="bbox 460 623 1668 725; baseline 0 -26"><span class='ocrx_word' id='word_1_5' title='bbox 460 624 675 700; x_wconf 82' lang='lat' dir='ltr'>deliberand&#39;</span> <span class='ocrx_word' id='word_1_6' title='bbox 703 623 842 724; x_wconf 84' lang='lat' dir='ltr'>prefato</span> <span class='ocrx_word' id='word_1_7' title='bbox 866 625 1020 719; x_wconf 79' lang='lat' dir='ltr'>Johnnni</span> <span class='ocrx_word' id='word_1_8' title='bbox 1050 625 1219 724; x_wconf 85' lang='lat' dir='ltr'>Deringe‚</span> <span class='ocrx_word' id='word_1_9' title='bbox 1247 625 1321 698; x_wconf 87' lang='lat' dir='ltr'>sive</span> <span class='ocrx_word' id='word_1_10' title='bbox 1343 623 1419 725; x_wconf 89' lang='lat' dir='ltr'>ejus</span> <span class='ocrx_word' id='word_1_11' title='bbox 1436 625 1472 698; x_wconf 88' lang='lat' dir='ltr'>in</span> <span class='ocrx_word' id='word_1_12' title='bbox 1490 625 1554 699; x_wconf 75' lang='lat' dir='ltr'>hnc</span> <span class='ocrx_word' id='word_1_13' title='bbox 1570 641 1668 724; x_wconf 87' lang='lat' dir='ltr'>parte</span> 
     </span>
     <span class='ocr_line' id='line_1_3' title="bbox 459 725 1668 826; baseline 0 -26"><span class='ocrx_word' id='word_1_14' title='bbox 459 743 651 816; x_wconf 86' lang='lat' dir='ltr'>attornato,</span> <span class='ocrx_word' id='word_1_15' title='bbox 679 727 821 824; x_wconf 86' lang='lat' dir='ltr'><strong>plenam</strong></span> <span class='ocrx_word' id='word_1_16' title='bbox 848 743 884 799; x_wconf 93' lang='lat' dir='ltr'>et</span> <span class='ocrx_word' id='word_1_17' title='bbox 911 727 1090 824; x_wconf 86' lang='lat' dir='ltr'>pacificam</span> <span class='ocrx_word' id='word_1_18' title='bbox 1121 725 1375 826; x_wconf 85' lang='lat' dir='ltr'>possessionem</span> <span class='ocrx_word' id='word_1_19' title='bbox 1392 727 1553 800; x_wconf 82' lang='lat' dir='ltr'>seisinam</span> <span class='ocrx_word' id='word_1_20' title='bbox 1571 727 1616 801; x_wconf 91' lang='lat' dir='ltr'>de</span> <span class='ocrx_word' id='word_1_21' title='bbox 1632 745 1668 800; x_wconf 93' lang='lat' dir='ltr'>et</span> 
     </span>
     <span class='ocr_line' id='line_1_4' title="bbox 460 825 1668 926; baseline 0.001 -26"><span class='ocrx_word' id='word_1_22' title='bbox 460 828 497 900; x_wconf 90' lang='lat' dir='ltr'>in</span> <span class='ocrx_word' id='word_1_23' title='bbox 527 825 694 901; x_wconf 90' lang='lat' dir='ltr'>omnibus</span> <span class='ocrx_word' id='word_1_24' title='bbox 722 844 758 900; x_wconf 89' lang='lat' dir='ltr'>et</span> <span class='ocrx_word' id='word_1_25' title='bbox 787 826 937 926; x_wconf 88' lang='lat' dir='ltr'>singulis</span> <span class='ocrx_word' id='word_1_26' title='bbox 975 826 1142 925; x_wconf 82' lang='lat' dir='ltr'>predictis</span> <span class='ocrx_word' id='word_1_27' title='bbox 1178 826 1281 900; x_wconf 89' lang='lat' dir='ltr'>terris</span> <span class='ocrx_word' id='word_1_28' title='bbox 1314 842 1352 899; x_wconf 90' lang='lat' dir='ltr'>et</span> <span class='ocrx_word' id='word_1_29' title='bbox 1387 827 1596 900; x_wconf 82' lang='lat' dir='ltr'><strong>tenementis</strong></span> <span class='ocrx_word' id='word_1_30' title='bbox 1628 852 1668 901; x_wconf 84' lang='lat' dir='ltr'>ac</span> 
     </span>
     <span class='ocr_line' id='line_1_5' title="bbox 461 927 1667 1028; baseline -0.001 -28"><span class='ocrx_word' id='word_1_31' title='bbox 461 928 586 1002; x_wconf 89' lang='lat' dir='ltr'>ceteris</span> <span class='ocrx_word' id='word_1_32' title='bbox 598 927 776 1026; x_wconf 82' lang='lat' dir='ltr'>premissis</span> <span class='ocrx_word' id='word_1_33' title='bbox 788 952 870 1001; x_wconf 90' lang='lat' dir='ltr'>cum</span> <span class='ocrx_word' id='word_1_34' title='bbox 888 927 1113 1026; x_wconf 84' lang='lat' dir='ltr'>pertinenciis</span> <span class='ocrx_word' id='word_1_35' title='bbox 1123 927 1229 1028; x_wconf 80' lang='lat' dir='ltr'>juxta</span> <span class='ocrx_word' id='word_1_36' title='bbox 1244 943 1281 1000; x_wconf 88' lang='lat' dir='ltr'>et</span> <span class='ocrx_word' id='word_1_37' title='bbox 1297 928 1492 1002; x_wconf 89' lang='lat' dir='ltr'>secundum</span> <span class='ocrx_word' id='word_1_38' title='bbox 1509 943 1667 1002; x_wconf 90' lang='lat' dir='ltr'>tenorem</span> 
     </span>
     <span class='ocr_line' id='line_1_6' title="bbox 460 1027 1669 1128; baseline -0.001 -25"><span class='ocrx_word' id='word_1_39' title='bbox 460 1029 536 1103; x_wconf 88' lang='lat' dir='ltr'>vim</span> <span class='ocrx_word' id='word_1_40' title='bbox 562 1044 598 1102; x_wconf 88' lang='lat' dir='ltr'>et</span> <span class='ocrx_word' id='word_1_41' title='bbox 624 1027 791 1102; x_wconf 90' lang='lat' dir='ltr'>effectum</span> <span class='ocrx_word' id='word_1_42' title='bbox 817 1027 924 1128; x_wconf 88' lang='lat' dir='ltr'>hujus</span> <span class='ocrx_word' id='word_1_43' title='bbox 951 1028 1121 1126; x_wconf 88' lang='lat' dir='ltr'>presentis</span> <span class='ocrx_word' id='word_1_44' title='bbox 1145 1027 1350 1102; x_wconf 84' lang='lat' dir='ltr'>donacionis</span> <span class='ocrx_word' id='word_1_45' title='bbox 1366 1027 1441 1101; x_wconf 92' lang='lat' dir='ltr'>sive</span> <span class='ocrx_word' id='word_1_46' title='bbox 1457 1027 1576 1102; x_wconf 84' lang='lat' dir='ltr'>charte</span> <span class='ocrx_word' id='word_1_47' title='bbox 1593 1052 1669 1102; x_wconf 88' lang='lat' dir='ltr'>mee</span> 
     </span>
     <span class='ocr_line' id='line_1_7' title="bbox 461 1127 1668 1229; baseline 0 -27"><span class='ocrx_word' id='word_1_48' title='bbox 461 1131 492 1202; x_wconf 87' lang='lat' dir='ltr'>ei</span> <span class='ocrx_word' id='word_1_49' title='bbox 510 1128 593 1202; x_wconf 91' lang='lat' dir='ltr'>inde</span> <span class='ocrx_word' id='word_1_50' title='bbox 609 1128 791 1204; x_wconf 86' lang='lat' dir='ltr'>confecte:</span> <span class='ocrx_word' id='word_1_51' title='bbox 821 1129 952 1202; x_wconf 79' lang='lat' dir='ltr'>Ratum</span> <span class='ocrx_word' id='word_1_52' title='bbox 969 1146 1005 1202; x_wconf 86' lang='lat' dir='ltr'>et</span> <span class='ocrx_word' id='word_1_53' title='bbox 1021 1145 1164 1229; x_wconf 75' lang='lat' dir='ltr'>gratum</span> <span class='ocrx_word' id='word_1_54' title='bbox 1190 1127 1377 1201; x_wconf 83' lang='lat' dir='ltr'>habentem</span> <span class='ocrx_word' id='word_1_55' title='bbox 1403 1144 1439 1202; x_wconf 94' lang='lat' dir='ltr'>et</span> <span class='ocrx_word' id='word_1_56' title='bbox 1464 1127 1668 1203; x_wconf 83' lang='lat' dir='ltr'>habiturum</span> 
     </span>
     <span class='ocr_line' id='line_1_8' title="bbox 461 1227 1669 1329; baseline -0.003 -24"><span class='ocrx_word' id='word_1_57' title='bbox 461 1245 580 1305; x_wconf 91' lang='lat' dir='ltr'>totum</span> <span class='ocrx_word' id='word_1_58' title='bbox 609 1245 646 1303; x_wconf 89' lang='lat' dir='ltr'>et</span> <span class='ocrx_word' id='word_1_59' title='bbox 673 1227 846 1329; x_wconf 86' lang='lat' dir='ltr'>quioquid</span> <span class='ocrx_word' id='word_1_60' title='bbox 875 1229 963 1305; x_wconf 89' lang='lat' dir='ltr'>dicti</span> <span class='ocrx_word' id='word_1_61' title='bbox 993 1227 1160 1303; x_wconf 83' lang='lat' dir='ltr'>attornati</span> <span class='ocrx_word' id='word_1_62' title='bbox 1190 1229 1260 1302; x_wconf 88' lang='lat' dir='ltr'>mei</span> <span class='ocrx_word' id='word_1_63' title='bbox 1290 1227 1451 1318; x_wconf 84' lang='lat' dir='ltr'>fecerint,</span> <span class='ocrx_word' id='word_1_64' title='bbox 1480 1254 1544 1302; x_wconf 88' lang='lat' dir='ltr'>seu</span> <span class='ocrx_word' id='word_1_65' title='bbox 1581 1230 1669 1304; x_wconf 82' lang='lat' dir='ltr'>alter</span> 
     </span>
     <span class='ocr_line' id='line_1_9' title="bbox 460 1327 1668 1430; baseline 0 -25"><span class='ocrx_word' id='word_1_66' title='bbox 460 1355 585 1406; x_wconf 89' lang='lat' dir='ltr'>eorum</span> <span class='ocrx_word' id='word_1_67' title='bbox 601 1327 735 1422; x_wconf 87' lang='lat' dir='ltr'>fecerit,</span> <span class='ocrx_word' id='word_1_68' title='bbox 754 1331 791 1403; x_wconf 92' lang='lat' dir='ltr'>in</span> <span class='ocrx_word' id='word_1_69' title='bbox 808 1329 985 1429; x_wconf 87' lang='lat' dir='ltr'>premissis</span> <span class='ocrx_word' id='word_1_70' title='bbox 1008 1329 1092 1404; x_wconf 88' lang='lat' dir='ltr'>inde</span> <span class='ocrx_word' id='word_1_71' title='bbox 1117 1329 1219 1428; x_wconf 91' lang='lat' dir='ltr'>plene</span> <span class='ocrx_word' id='word_1_72' title='bbox 1244 1345 1280 1403; x_wconf 92' lang='lat' dir='ltr'>et</span> <span class='ocrx_word' id='word_1_73' title='bbox 1305 1328 1442 1428; x_wconf 87' lang='lat' dir='ltr'>integre</span> <span class='ocrx_word' id='word_1_74' title='bbox 1468 1346 1575 1428; x_wconf 88' lang='lat' dir='ltr'>prout</span> <span class='ocrx_word' id='word_1_75' title='bbox 1599 1355 1668 1430; x_wconf 85' lang='lat' dir='ltr'>ego</span> 
     </span>
     <span class='ocr_line' id='line_1_10' title="bbox 461 1429 1532 1531; baseline -0.001 -26"><span class='ocrx_word' id='word_1_76' title='bbox 461 1430 619 1531; x_wconf 87' lang='lat' dir='ltr'>prefatus</span> <span class='ocrx_word' id='word_1_77' title='bbox 635 1430 795 1505; x_wconf 80' lang='lat' dir='ltr'>Thomas</span> <span class='ocrx_word' id='word_1_78' title='bbox 813 1431 941 1528; x_wconf 91' lang='lat' dir='ltr'>Moyle</span> <span class='ocrx_word' id='word_1_79' title='bbox 957 1429 1089 1505; x_wconf 88' lang='lat' dir='ltr'>ibidem</span> <span class='ocrx_word' id='word_1_80' title='bbox 1106 1429 1298 1529; x_wconf 83' lang='lat' dir='ltr'>personalis</span> <span class='ocrx_word' id='word_1_81' title='bbox 1316 1429 1532 1504; x_wconf 88' lang='lat' dir='ltr'>interessem.</span> 
     </span>
    </p>

    <p class='ocr_par' dir='ltr' id='par_1_3' title="bbox 460 1530 1669 1748">
     <span class='ocr_line' id='line_1_11' title="bbox 541 1530 1669 1632; baseline 0 -26"><span class='ocrx_word' id='word_1_82' title='bbox 541 1533 584 1606; x_wconf 91' lang='lat' dir='ltr'>In</span> <span class='ocrx_word' id='word_1_83' title='bbox 622 1531 722 1632; x_wconf 87' lang='lat' dir='ltr'>cujus</span> <span class='ocrx_word' id='word_1_84' title='bbox 758 1530 810 1604; x_wconf 90' lang='lat' dir='ltr'>rei</span> <span class='ocrx_word' id='word_1_85' title='bbox 847 1530 1093 1606; x_wconf 90' lang='lat' dir='ltr'>testimonium</span> <span class='ocrx_word' id='word_1_86' title='bbox 1131 1531 1215 1604; x_wconf 88' lang='lat' dir='ltr'>huic</span> <span class='ocrx_word' id='word_1_87' title='bbox 1244 1530 1398 1629; x_wconf 87' lang='lat' dir='ltr'>presenti</span> <span class='ocrx_word' id='word_1_88' title='bbox 1426 1530 1561 1630; x_wconf 91' lang='lat' dir='ltr'>scripto</span> <span class='ocrx_word' id='word_1_89' title='bbox 1588 1555 1669 1606; x_wconf 92' lang='lat' dir='ltr'>meo</span> 
     </span>
     <span class='ocr_line' id='line_1_12' title="bbox 460 1631 943 1748; baseline 0.002 -41"><span class='ocrx_word' id='word_1_90' title='bbox 460 1631 618 1732; x_wconf 87' lang='lat' dir='ltr'>sigillum</span> <span class='ocrx_word' id='word_1_91' title='bbox 644 1657 763 1706; x_wconf 90' lang='lat' dir='ltr'>meum</span> <span class='ocrx_word' id='word_1_92' title='bbox 786 1657 807 1704; x_wconf 85' lang='lat' dir='ltr'>a</span> <span class='ocrx_word' id='word_1_93' title='bbox 832 1633 943 1748; x_wconf 80' lang='lat' dir='ltr'>posui</span> 
     </span>
    </p>

    <p class='ocr_par' dir='ltr' id='par_1_4' title="bbox 461 1730 1670 2133">
     <span class='ocr_line' id='line_1_13' title="bbox 535 1730 1667 1832; baseline -0.001 -26"><span class='ocrx_word' id='word_1_94' title='bbox 535 1734 674 1806; x_wconf 77' lang='lat' dir='ltr'>Datum</span> <span class='ocrx_word' id='word_1_95' title='bbox 708 1757 776 1830; x_wconf 91' lang='lat' dir='ltr'>pen</span> <span class='ocrx_word' id='word_1_96' title='bbox 816 1749 907 1806; x_wconf 88' lang='lat' dir='ltr'>nmo</span> <span class='ocrx_word' id='word_1_97' title='bbox 948 1731 1007 1806; x_wconf 87' lang='lat' dir='ltr'>die</span> <span class='ocrx_word' id='word_1_98' title='bbox 1049 1731 1180 1806; x_wconf 88' lang='lat' dir='ltr'>mensis</span> <span class='ocrx_word' id='word_1_99' title='bbox 1220 1730 1391 1806; x_wconf 90' lang='lat' dir='ltr'>Octobris</span> <span class='ocrx_word' id='word_1_100' title='bbox 1431 1756 1526 1806; x_wconf 81' lang='lat' dir='ltr'>anno</span> <span class='ocrx_word' id='word_1_101' title='bbox 1567 1732 1667 1832; x_wconf 88' lang='lat' dir='ltr'>regni</span> 
     </span>
     <span class='ocr_line' id='line_1_14' title="bbox 461 1831 1670 1934; baseline -0.001 -27"><span class='ocrx_word' id='word_1_102' title='bbox 461 1833 599 1908; x_wconf 90' lang='lat' dir='ltr'>domini</span> <span class='ocrx_word' id='word_1_103' title='bbox 627 1834 738 1907; x_wconf 88' lang='lat' dir='ltr'>nostri</span> <span class='ocrx_word' id='word_1_104' title='bbox 764 1831 933 1907; x_wconf 77' lang='lat' dir='ltr'>Edwardi</span> <span class='ocrx_word' id='word_1_105' title='bbox 960 1831 1054 1906; x_wconf 85' lang='lat' dir='ltr'>Sexti</span> <span class='ocrx_word' id='word_1_106' title='bbox 1082 1833 1139 1908; x_wconf 88' lang='lat' dir='ltr'>dei</span> <span class='ocrx_word' id='word_1_107' title='bbox 1165 1832 1282 1933; x_wconf 79' lang='lat' dir='ltr'>grecia</span> <span class='ocrx_word' id='word_1_108' title='bbox 1297 1831 1442 1934; x_wconf 86' lang='lat' dir='ltr'>Anglie,</span> <span class='ocrx_word' id='word_1_109' title='bbox 1461 1831 1616 1921; x_wconf 69' lang='lat' dir='ltr'>ffinncie,</span> <span class='ocrx_word' id='word_1_110' title='bbox 1634 1847 1670 1906; x_wconf 91' lang='lat' dir='ltr'>et</span> 
     </span>
     <span class='ocr_line' id='line_1_15' title="bbox 462 1931 1670 2033; baseline -0.001 -25"><span class='ocrx_word' id='word_1_111' title='bbox 462 1933 640 2008; x_wconf 89' lang='lat' dir='ltr'>Hibemie</span> <span class='ocrx_word' id='word_1_112' title='bbox 666 1933 783 2033; x_wconf 89' lang='lat' dir='ltr'>Regis,</span> <span class='ocrx_word' id='word_1_113' title='bbox 809 1933 890 2008; x_wconf 86' lang='lat' dir='ltr'>fidei</span> <span class='ocrx_word' id='word_1_114' title='bbox 908 1931 1125 2025; x_wconf 87' lang='lat' dir='ltr'>Defensoris,</span> <span class='ocrx_word' id='word_1_115' title='bbox 1150 1949 1187 2008; x_wconf 93' lang='lat' dir='ltr'>et</span> <span class='ocrx_word' id='word_1_116' title='bbox 1206 1933 1243 2006; x_wconf 90' lang='lat' dir='ltr'>in</span> <span class='ocrx_word' id='word_1_117' title='bbox 1260 1947 1354 2006; x_wconf 82' lang='lat' dir='ltr'>terra</span> <span class='ocrx_word' id='word_1_118' title='bbox 1369 1931 1524 2008; x_wconf 87' lang='lat' dir='ltr'>Ecclesie</span> <span class='ocrx_word' id='word_1_119' title='bbox 1540 1933 1670 2033; x_wconf 83' lang='lat' dir='ltr'>Angli-</span> 
     </span>
     <span class='ocr_line' id='line_1_16' title="bbox 461 2033 1389 2133; baseline -0.004 -23"><span class='ocrx_word' id='word_1_120' title='bbox 461 2059 545 2110; x_wconf 79' lang='lat' dir='ltr'>oane</span> <span class='ocrx_word' id='word_1_121' title='bbox 571 2051 607 2110; x_wconf 90' lang='lat' dir='ltr'>et</span> <span class='ocrx_word' id='word_1_122' title='bbox 634 2033 831 2108; x_wconf 89' lang='lat' dir='ltr'>Hibernice</span> <span class='ocrx_word' id='word_1_123' title='bbox 857 2033 1018 2133; x_wconf 88' lang='lat' dir='ltr'>Supremi</span> <span class='ocrx_word' id='word_1_124' title='bbox 1046 2033 1193 2132; x_wconf 79' lang='lat' dir='ltr'>Capitis,</span> <span class='ocrx_word' id='word_1_125' title='bbox 1222 2035 1389 2109; x_wconf 88' lang='lat' dir='ltr'>secundo.</span> 
     </span>
    </p>
   </div>
   <div class='ocr_carea' id='block_1_3' title="bbox 454 2135 1669 2434">
    <p class='ocr_par' dir='ltr' id='par_1_5' title="bbox 454 2135 1669 2434">
     <span class='ocr_line' id='line_1_17' title="bbox 537 2135 1667 2232; baseline 0.002 -25"><span class='ocrx_word' id='word_1_126' title='bbox 537 2137 580 2210; x_wconf 87' lang='lat' dir='ltr'>In</span> <span class='ocrx_word' id='word_1_127' title='bbox 609 2135 729 2208; x_wconf 87' lang='lat' dir='ltr'>derso:</span> <span class='ocrx_word' id='word_1_128' title='bbox 764 2135 950 2232; x_wconf 77' lang='lat' dir='ltr'>Sigillatum</span> <span class='ocrx_word' id='word_1_129' title='bbox 980 2151 1013 2206; x_wconf 86' lang='lat' dir='ltr'>et</span> <span class='ocrx_word' id='word_1_130' title='bbox 1039 2136 1252 2210; x_wconf 83' lang='lat' dir='ltr'>deliberatum</span> <span class='ocrx_word' id='word_1_131' title='bbox 1279 2155 1414 2230; x_wconf 81' lang='lat' dir='ltr'>presens</span> <span class='ocrx_word' id='word_1_132' title='bbox 1445 2137 1599 2230; x_wconf 79' lang='lat' dir='ltr'>scn&#39;ptum</span> <span class='ocrx_word' id='word_1_133' title='bbox 1633 2137 1667 2209; x_wconf 84' lang='lat' dir='ltr'>in</span> 
     </span>
     <span class='ocr_line' id='line_1_18' title="bbox 454 2235 1669 2332; baseline -0.002 -22"><span class='ocrx_word' id='word_1_134' title='bbox 454 2237 621 2332; x_wconf 78' lang='lat' dir='ltr'>presentia</span> <span class='ocrx_word' id='word_1_135' title='bbox 669 2235 842 2308; x_wconf 84' lang='lat' dir='ltr'>Edmundi</span> <span class='ocrx_word' id='word_1_136' title='bbox 889 2235 1003 2324; x_wconf 57' lang='lat' dir='ltr'>rente,</span> <span class='ocrx_word' id='word_1_137' title='bbox 1051 2235 1178 2310; x_wconf 81' lang='lat' dir='ltr'>Rebert</span> <span class='ocrx_word' id='word_1_138' title='bbox 1225 2237 1378 2324; x_wconf 86' lang='lat' dir='ltr'>Colvelle,</span> <span class='ocrx_word' id='word_1_139' title='bbox 1429 2253 1462 2310; x_wconf 81' lang='lat' dir='ltr'>et</span> <span class='ocrx_word' id='word_1_140' title='bbox 1509 2237 1669 2310; x_wconf 80' lang='lat' dir='ltr'>Rollandi</span> 
     </span>
     <span class='ocr_line' id='line_1_19' title="bbox 464 2334 925 2434; baseline -0.004 -24"><span class='ocrx_word' id='word_1_141' title='bbox 464 2337 603 2410; x_wconf 79' lang='lat' dir='ltr'>Leteick</span> <span class='ocrx_word' id='word_1_142' title='bbox 637 2334 699 2434; x_wconf 79' lang='lat'>[?],</span> <span class='ocrx_word' id='word_1_143' title='bbox 735 2361 806 2410; x_wconf 87' lang='lat' dir='ltr'>cum</span> <span class='ocrx_word' id='word_1_144' title='bbox 840 2337 925 2409; x_wconf 85' lang='lat' dir='ltr'>aliis.</span> 
     </span>
    </p>
   </div>
   <div class='ocr_carea' id='block_1_4' title="bbox 0 0 1868 5290">
    <p class='ocr_par' dir='ltr' id='par_1_6' title="bbox 0 0 1868 5290">
     <span class='ocr_line' id='line_1_20' title="bbox 0 0 1868 5290; baseline 0 0"><span class='ocrx_word' id='word_1_145' title='bbox 0 0 1868 5290; x_wconf 95' lang='lat' dir='ltr'> </span> 
     </span>
    </p>
   </div>
  </div>
 </body>
</html>
