3738 5258
435 549 500 601 102
790 526 965 604 DOVER
991 525 1265 603 CHARTERS

895 827 1166 908 xxxttt.

766 1025 852 1108 xxvj
877 1023 1010 1106 Martii,
1031 1035 1052 1108 5
1074 1023 1230 1094 Ricberd
1252 1025 1299 1092 11.

427 1203 572 1278 senar
599 1217 774 1302 presentes
799 1218 837 1277 et
863 1201 977 1278 futuri
1005 1205 1102 1306 quod
1129 1229 1210 1306 ego,
1236 1203 1442 1278 Willebnus
1463 1203 1634 1294 Barbour,

428 1303 523 1377 filius
552 1303 703 1378 Henrici
733 1304 891 1379 Bsrbour
919 1305 965 1380 de
997 1305 1173 1396 Dovorra,
1210 1305 1293 1380 dedi
1324 1305 1477 1381 concessi
1505 1320 1542 1379 et
1570 1303 1635 1378 hac

428 1405 581 1504 presenti
599 1421 692 1480 carta
709 1429 786 1480 mea
802 1405 1007 1479 confirmavi
1024 1405 1231 1480 Alexandro
1251 1407 1361 1506 Wyte
1378 1407 1424 1480 de
1448 1405 1582 1500 eadem,
1599 1419 1635 1478 et

427 1507 599 1600 Johanne,
637 1507 741 1582 uxori
779 1505 866 1608 ejus,
904 1505 1089 1583 dimidiam
1126 1531 1240 1582 acram
1269 1523 1361 1582 terre
1383 1507 1559 1608 jacentem
1596 1505 1635 1579 in

429 1607 593 1704 parochia
617 1606 663 1681 de
691 1607 895 1701 Cherleton,
921 1623 958 1681 et
975 1609 1013 1682 in
1029 1623 1155 1682 tenura
1183 1607 1316 1682 Prioris
1340 1609 1516 1698 Devorre,
1533 1605 1635 1681 vide-

427 1708 521 1796 licet,
560 1709 653 1782 inter
689 1724 817 1782 terram
856 1707 1027 1808 Johannis
1064 1710 1183 1808 Aleyn
1221 1733 1342 1784 versus
1380 1709 1570 1800 northeast,
1599 1721 1636 1781 et

429 1824 558 1883 terram
585 1809 728 1882 Thome
755 1809 868 1883 Harri
896 1834 1019 1884 versus
1043 1809 1236 1902 southeast,
1261 1826 1298 1884 et
1314 1825 1444 1884 terram
1461 1807 1635 1882 Willeimi

429 1907 566 1983 Gerold
593 1935 715 1982 versus
741 1911 947 2004 southwest,
972 1927 1009 1985 et
1036 1928 1164 1986 terram
1191 1911 1260 1984 mei
1288 1909 1461 1984 Willelrni
1486 1907 1635 2009 predicti

430 2035 550 2084 versus
579 2011 797 2100 northwest3
822 2010 972 2086 habend’
999 2027 1034 2085 et
1060 2010 1202 2086 tenend’
1255 2011 1424 2086 redictam
1450 2009 1635 2085 dimidiam

429 2135 545 2184 acram
574 2125 665 2184 terre
695 2136 776 2184 cum
806 2112 879 2186 suis
908 2111 1129 2210 pertinentiis
1158 2137 1201 2211 pr
1248 2111 1325 2186 ictis
1359 2111 1565 2186 Alexandro
1599 2125 1636 2185 et

429 2213 600 2307 Johannc,
629 2211 731 2286 uxori
758 2212 845 2314 ejus,
872 2211 1058 2286 heredibus
1084 2229 1120 2286 et
1146 2237 1271 2286 eorum
1296 2212 1479 2312 assignatis
1495 2213 1583 2286 bene
1599 2226 1636 2284 et

431 2315 467 2386 in
485 2337 567 2410 pace
589 2313 852 2412 inperpetuum,
877 2313 923 2389 de
950 2313 1156 2412 capitalibus
1176 2312 1332 2390 dominis
1347 2311 1443 2389 feodi
1460 2313 1557 2388 illius
1573 2337 1636 2411 per

430 2413 577 2487 servicia
601 2413 653 2486 eis
680 2413 762 2488 inde
789 2412 907 2489 debita
933 2430 969 2488 et
995 2413 1144 2530 dejure
1171 2431 1346 2490 consueta
1399 2415 1450 2488 Et
1472 2438 1541 2513 ego
1557 2439 1636 2513 pre-

430 2515 547 2589 dictus
564 2515 768 2589 Willelmus
783 2531 820 2589 et
836 2515 980 2590 heredes
1000 2539 1069 2588 mer
1094 2515 1287 2614 predictam
1312 2514 1496 2590 dimidiam
1521 2539 1635 2588 acram

430 2633 523 2691 terre
550 2639 633 2688 cum
660 2616 732 2690 suis
759 2615 980 2714 pertinentiis
1004 2615 1170 2715 predictis
1191 2615 1397 2691 Alexandro
1412 2632 1448 2689 et
1463 2615 1635 2710 Jobanne,

432 2717 534 2790 uxori
572 2717 663 2818 ejus,
702 2717 892 2791 heredibus
928 2733 965 2791 et
1002 2741 1126 2790 eorum
1155 2717 1336 2818 assignatis
1365 2733 1487 2792 contra
1513 2741 1636 2791 omnes

430 2832 553 2919 gentes
581 2817 903 2892 warrantizabimus
931 2817 1193 2918 inperpetuum

507 2919 550 2992 In
567 2919 676 3035 'cujus
702 2919 752 2993 rei
780 2919 1022 2994 testimonium
1048 2920 1202 3019 presenti
1228 2935 1321 2996 carte
1342 2917 1499 3021 sigillum
1516 2943 1635 2992 meum

431 3046 452 3092 a
542 3045 589 3093 ur.

452 3044 642 3194 ppossatum
668 3120 763 3220 apud
791 3120 984 3196 Cherleton
1011 3120 1179 3196 vicesimo
1204 3135 1304 3195 sexto
1325 3120 1384 3195 die
1401 3119 1528 3194 Martii
1544 3144 1637 3195 anno

431 3222 531 3322 regni
549 3221 658 3322 Regis
675 3222 830 3313 Ricardi,
848 3222 993 3298 secundi
1006 3238 1086 3322 post
1098 3237 1332 3322 conquestum
1348 3221 1480 3321 Anglie
1522 3220 1632 3296 uinto.

509 3322 596 3396 Hiis
620 3321 782 3415 testibus,
808 3323 970 3416 johanne
996 3323 1076 3424 By3
1109 3324 1253 3400 Thoma
1280 3321 1415 3411 Wille;
1450 3321 1514 3394 Wi
1541 3320 1637 3396 elrno

433 3423 511 3522 1373
553 3422 713 3516 Johanne
754 3437 825 3497 atte
868 3426 922 3497 Re
971 3448 1017 3512 e;
1071 3425 1232 3518 Johannc
1274 3422 1326 3495 W
1350 3438 1411 3511 te;
1453 3421 1636 3498 Wdlclmo

432 3523 616 3611 Borstale3
656 3522 895 3599 NicholaoG
932 3525 1109 3613 debatde3
1146 3541 1183 3599 et
1212 3523 1288 3599 aliis
1369 3523 1435 3598 nis.
