3726 5256
457 465 503 546 66
792 464 971 540 DOVER
999 464 1277 541 CHARTERS

1006 667 1185 761 Johannes
1200 670 1246 743 de
1263 667 1476 756 Brokedale,
1497 669 1628 768 Major,
1848 681 1849 702 ¹

1005 769 1184 863 Johannes
1200 766 1376 859 Hanfeld,
1393 770 1561 858 Ballivua,

1005 869 1184 963 Johnnnes
1201 870 1409 956 Drailonde,

1005 971 1184 1065 Johannes
1201 971 1352 1060 Geddet,

1004 1072 1184 1167 Johannes
1202 1071 1266 1145 He
1291 1072 1385 1162 ham,

1005 1172 1165 1246 Thomas
1182 1097 1409 1273 Golfsmyth,

1005 1273 1201 1348 nicholaus
1219 1273 1353 1373 Dayn,

1003 1375 1182 1469 Johannes
1199 1373 1475 1448 Holmanstone.

555 1025 612 1097 De
629 1022 858 1096 ffaveresham
920 1079 928 1094 .

1004 1573 1200 1648 Nicholaus
1259 1575 1405 1663 Catour,
1460 1593 1659 1652 attornatus

1053 1676 1224 1772 Johannis
1252 1677 1385 1752 Parker
1418 1678 1569 1780 Majoris
1595 1705 1659 1778 per

1054 1778 1284 1877 litteramque
1295 1793 1445 1852 testatur
1454 1781 1552 1879 quod
1563 1782 1658 1857 idem

551 1929 606 2000 De
623 1926 809 2003 ffOfdwico
918 1986 924 1999 Ι
1052 1879 1233 1974 Johannes
1258 1895 1310 1952 eat
1337 1903 1429 1980 aeger
1459 1897 1494 1954 et
1525 1883 1656 1980 nequid

1054 1979 1222 2069 laborare,

1005 2081 1176 2154 Ricardus
1187 2081 1232 2156 de
1245 2081 1478 2170 Oxendenne,
1489 2083 1658 2172 Ballivus,

1004 2177 1190 2254 Galfridus
1207 2181 1355 2273 Gerold,

1003 2281 1183 2376 Johannes
1200 2280 1347 2355 Bakere.

524 2619 574 2694 Et
591 2621 676 2721 quia
692 2644 815 2694 omnes
830 2619 999 2720 Majores‚
1011 2618 1137 2692 Ballivi
1154 2633 1189 2691 et
1200 2617 1365 2706 Baronea,
1376 2618 1507 2718 quibus
1517 2644 1658 2719 precep-

447 2740 528 2797 tum
546 2720 615 2796 fuit
631 2747 694 2821 per
706 2721 869 2796 mandata
881 2745 1006 2794 eorum
1024 2719 1194 2794 Custodia
1205 2721 1327 2794 venire
1337 2717 1449 2793 facere
1466 2721 1524 2793 hic
1540 2746 1657 2795 coram

449 2824 528 2922 ipso
544 2823 589 2896 de
606 2821 768 2923 quolibet
785 2839 959 2922 portuum
974 2820 1217 2922 predictorum
1233 2820 1440 2921 singillatim
1459 2821 1506 2924 xij
1526 2822 1657 2921 probos

448 2941 486 2998 et
501 2923 629 3024 legales
646 2925 805 2998 homines
820 2925 866 2998 de
883 2922 1017 2996 Balliva
1033 2946 1095 2996 sua
1119 2923 1164 2998 ad
1190 2923 1384 3021 exequend’
1407 2938 1443 2996 et
1468 2923 1659 3023 recipiend’

447 3052 488 3099 ea
503 3050 575 3125 que
592 3025 699 3100 Curie
716 3025 762 3100 de
779 3025 961 3124 Shipweye
984 3023 1232 3123 pertinuerint,
1259 3024 1379 3096 venire
1405 3021 1564 3097 fecerunt
1590 3025 1657 3098 nisi

449 3128 483 3200 vi
502 3126 663 3200 homines
674 3125 882 3225 singillatim
899 3127 944 3200 de
961 3122 1121 3225 quolibet
1147 3139 1319 3222 portuum
1350 3123 1602 3222 predictorum,
1620 3143 1656 3200 et

446 3243 573 3327 portus
587 3227 632 3300 de
651 3227 728 3324 Rya
745 3226 811 3299 nisi
837 3243 918 3314 tres,
935 3225 993 3298 alii
1019 3250 1104 3298 vero
1128 3225 1306 3297 dictorum
1323 3240 1497 3321 portuum
1523 3225 1655 3324 quibus

446 3349 653 3427 preceptum
671 3325 742 3401 fuit
759 3327 880 3399 venire
897 3323 1008 3400 facere
1025 3325 1082 3398 hic
1099 3325 1134 3398 vi
1154 3322 1285 3422 probos
1302 3339 1338 3398 et
1356 3324 1485 3425 legales
1496 3325 1657 3399 homines

448 3430 493 3503 de
511 3425 669 3529 quolibet
685 3444 857 3526 portuum
883 3450 1031 3500 suorum
1055 3424 1276 3524 singillatim,
1296 3425 1415 3498 minus
1443 3425 1656 3502 sufficienter

447 3530 628 3604 retornare
645 3553 708 3602 nec
724 3543 842 3602 tantos
859 3525 990 3626 probos
1006 3541 1042 3600 et
1052 3523 1179 3625 legales
1192 3525 1352 3599 hominen
1364 3526 1484 3600 venire
1496 3525 1656 3602 fecerunt

448 3647 601 3731 quantos
617 3629 780 3703 mandata
802 3653 864 3702 sua
879 3627 942 3701 eiia
959 3626 1041 3699 inde
1057 3625 1191 3702 directa
1206 3625 1405 3727 exigebant,
1422 3644 1463 3701 ut
1480 3644 1577 3726 patet
1594 3655 1656 3728 per

451 3747 594 3806 retorna
619 3756 682 3805 sua
708 3729 871 3829 superius
895 3743 1070 3818 annotata,
1100 3728 1214 3802 Portu
1247 3752 1332 3801 vero
1358 3728 1402 3801 de
1428 3727 1656 3804 ffavereaham

451 3834 539 3907 dum
549 3849 669 3906 tamen
678 3847 838 3929 excepto.
893 3829 948 3905 lta
958 3829 1056 3930 quod
1073 3827 1121 3902 ob
1133 3853 1270 3903 musam
1282 3827 1427 3903 minime
1438 3831 1656 3906 executionis

750 3949 788 4005 et
813 3929 1054 4004 insufficientis
1078 3931 1211 4004 retorni
1244 3929 1494 4004 mandatorum
1520 3933 1655 4031 predic-

454 4033 700 4108 Misen'cordia.
752 4049 872 4106 torum
898 4031 1042 4133 negocia
1071 4031 1209 4106 domini
1236 4031 1339 4133 regis,
1364 4048 1401 4105 et
1428 4031 1494 4105 alia
1523 4032 1655 4107 dictam

751 4132 895 4209 Curiam
924 4132 1116 4234 tangentia,
1147 4129 1279 4206 infecta
1311 4148 1347 4206 et
1375 4133 1576 4232 inexpedita
1600 4159 1656 4208 re-

451 4252 605 4313 manent.
659 4235 746 4310 Ideo
756 4233 1016 4310 consideratum
1026 4249 1079 4308 est
1095 4235 1194 4334 quod
1205 4258 1328 4307 omnes
1339 4233 1509 4335 Majores,
1528 4234 1655 4310 Ballivi

449 4357 485 4416 et
508 4338 662 4412 Baronea
679 4336 827 4436 predicti
845 4335 975 4441 quibus
1001 4334 1208 4411 mandatum
1237 4351 1311 4409 erat
1337 4359 1404 4438 pro
1429 4335 1655 4412 insufficienti
