3756 5270
440 483 511 574 298
799 475 980 552 DOVER
1006 473 1285 552 CHARTERS

437 682 656 782 episcopatus
670 679 832 767 Abbatie‚
849 679 1043 770 Prioratus,
1057 679 1222 780 Collegii,
1231 678 1418 778 hospitalis
1428 702 1489 750 seu
1502 673 1646 749 alterius

438 782 568 855 domus
602 783 658 881 pie
691 781 853 897 religiose
885 781 960 855 sive
996 781 1224 854 ecclesiastice
1262 780 1530 880 cujuscumque,
1564 792 1646 850 ante

437 883 638 983 predictum
669 883 878 956 vicesimum
905 883 1055 954 tercium
1090 882 1196 974 diem,
1227 905 1290 980 per
1323 881 1418 978 ipsos
1452 878 1646 978 Majorem,

439 983 626 1073 Ballivum,
656 1000 692 1056 et
718 982 1034 1071 Communitatem,
1061 982 1116 1056 vel
1141 1007 1204 1081 per
1230 1005 1492 1082 quemcumque
1525 977 1645 1064 alium,

439 1083 496 1156 vel
519 1083 617 1174 alios,
643 1082 752 1156 factas
775 1109 837 1157 seu
863 1083 1007 1157 habitas
1061 1083 1335 1158 Pssoonnnus
1361 1083 1470 1156 eciam
1494 1079 1647 1153 remitti-

439 1210 518 1258 mus
545 1202 580 1258 et
608 1183 803 1258 relaxamus
830 1209 893 1283 per
918 1201 1096 1283 presentes
1120 1185 1254 1260 eisdem
1278 1183 1424 1284 Majori,
1443 1181 1592 1270 Ballivo‚
1610 1197 1645 1253 ct

438 1285 709 1373 communitati,
745 1309 869 1359 omnes
897 1300 933 1358 et
963 1285 1184 1359 omnimodas
1214 1286 1395 1382 capciones
1427 1283 1647 1381 receptiones

438 1387 684 1488 percepciones
738 1402 774 1460 et
815 1386 1039 1461 derenciones
1088 1409 1398 1486 quorumcumque
1440 1384 1644 1458 reddituum

435 1489 598 1563 exituum
617 1486 858 1588 proficuorum
874 1504 910 1560 et
927 1487 1176 1562 revencionum
1189 1486 1351 1560 omnium
1368 1503 1405 1560 et
1422 1483 1645 1584 singulorum

437 1605 611 1662 terrarum
627 1605 663 1662 et
681 1605 965 1662 tenementorum
981 1606 1017 1662 et
1041 1588 1399 1662 hereditamentorum
1417 1587 1646 1684 proditorum

438 1690 715 1778 murdratorum,
758 1689 1025 1778 homicidarum,
1076 1688 1247 1778 felonum,
1298 1688 1530 1762 attinctorum
1582 1709 1645 1758 seu

439 1793 697 1880 convictorum,
710 1807 746 1864 et
763 1791 914 1864 aliorum
926 1815 1236 1890 quorumcumque
1247 1787 1419 1876 felonum,
1437 1787 1644 1861 clericorum

437 1892 671 1966 attinctorum
696 1907 732 1964 et
759 1892 966 1965 clericorum
992 1891 1251 1983 convictorum,
1269 1891 1510 1990 utlagatorum
1528 1888 1646 1964 waivi·

437 2008 494 2066 ata
519 1991 755 2091 fugitivorum
789 2009 824 2066 et
854 1991 1014 2066 felonum
1052 1992 1096 2066 de
1128 2017 1176 2082 se,
1203 2007 1239 2065 et
1268 1992 1304 2064 in
1338 1990 1510 2092 exigenda
1531 1989 1647 2088 posita

438 2092 632 2182 deodands,
675 2093 881 2166 thesaurum
924 2095 1122 2182 inventum,
1166 2117 1340 2166 wreccum
1375 2091 1491 2180 maris,
1526 2089 1647 2164 catalla

438 2194 598 2267 waiviata
630 2209 666 2267 ct
707 2195 847 2267 straiata
880 2192 982 2266 nobis
1022 2193 1328 2293 qualitercumque
1361 2193 1552 2291 spectantia
1585 2216 1646 2264 seu

439 2291 673 2381 forisfactura,
686 2319 757 2393 que
769 2296 814 2370 ad
825 2319 952 2366 manus
961 2295 1034 2368 sive
1045 2294 1300 2392 possessionem
1312 2295 1471 2392 ipsorum
1483 2292 1647 2392 Majoris,

440 2394 578 2483 Ballivi,
596 2411 632 2468 et
650 2394 939 2484 Communitetis,
956 2411 1037 2468 ante
1053 2395 1255 2495 predictum
1273 2397 1480 2468 vicesimum
1499 2395 1646 2467 tercium

438 2496 534 2568 diem
551 2494 698 2595 Aprilis,
717 2495 773 2568 vel
798 2497 843 2570 ad
858 2521 984 2570 eorum
1002 2521 1108 2570 usum
1133 2495 1253 2596 aliquo
1271 2497 1380 2570 modo
1399 2497 1644 2580 devenerunt3

439 2621 477 2669 ac
494 2621 534 2668 es
555 2597 674 2670 omnia
697 2613 733 2670 et
758 2597 897 2696 singula
916 2597 1077 2673 redditus
1100 2597 1218 2670 exitus
1242 2597 1400 2695 proficua
1422 2595 1647 2669 revenciones

440 2695 531 2770 bona
548 2696 671 2771 catalla
686 2715 722 2772 et
735 2698 853 2772 debita
864 2697 996 2772 eisdem
1011 2698 1156 2798 Majori,
1170 2695 1319 2791 Ballivo,
1330 2715 1365 2772 et
1377 2695 1643 2783 Communitati,

437 2799 564 2873 damus
597 2815 632 2872 et
662 2802 888 2874 concedimus
913 2824 976 2897 per
1004 2816 1182 2898 presentes
1210 2799 1359 2874 habend’
1389 2799 1453 2872 sibi
1479 2798 1524 2873 de
1550 2799 1648 2872 dono

439 2917 563 2973 nostro
599 2899 731 3000 absque
771 2917 941 2999 compoto
972 2925 1034 2974 seu
1076 2901 1196 2999 aliquo
1228 2901 1297 2974 alio
1330 2901 1412 2974 inde
1454 2898 1556 2973 nobis
1589 2899 1645 2973 vel

440 3000 628 3076 heredibus
661 3001 792 3075 nostris
824 3001 994 3075 roddend’
1028 3000 1185 3076 solvend'
1221 3003 1277 3074 vel
1319 2999 1480 3074 faciend’.
1549 3000 1645 3073 Prn-

442 3125 628 3178 oounuus
658 3101 801 3200 insuper
828 3103 1043 3176 remittimus
1067 3117 1104 3174 et
1128 3103 1324 3175 relaxamus
1348 3101 1481 3176 eisdem
1500 3101 1645 3201 Majori,

441 3202 590 3291 Ballivo,
608 3219 644 3274 et
674 3202 932 3278 Communitati
962 3227 1085 3275 omnes
1112 3218 1148 3275 et
1182 3204 1404 3278 omnimodas
1432 3203 1648 3276 intrusiones

439 3319 474 3376 et
491 3303 782 3401 transgressiones
799 3304 1008 3377 intraciones
1023 3321 1059 3377 et
1076 3305 1253 3402 ingressus
1263 3329 1325 3403 per
1343 3304 1437 3402 ipsos
1453 3303 1645 3403 Majorem,

441 3401 629 3490 Ballivum,
664 3418 700 3476 et
734 3403 1050 3494 Communitatem,
1086 3405 1142 3476 vel
1185 3430 1247 3502 per
1289 3403 1439 3503 aliquos,
1468 3405 1542 3477 sive
1584 3429 1647 3502 per

441 3503 594 3602 aliquem
620 3521 879 3577 antecessorum
905 3529 1063 3595 suorum,
1081 3521 1141 3578 aut
1167 3529 1229 3602 per
1255 3505 1298 3578 ali
1326 3531 1408 3580 uem
1434 3506 1554 3594 alium,
1572 3507 1646 3577 sive

439 3602 577 3702 aliquos
592 3604 678 3677 alios
695 3630 953 3706 quoscumque,
967 3607 1004 3679 in
1022 3605 1143 3680 omnia
1158 3623 1194 3678 et
1211 3531 1349 3706 singtila
1367 3607 1521 3680 maneria
1536 3622 1647 3679 terras

440 3721 645 3778 tenementa
690 3721 727 3778 et
760 3707 991 3804 possessiones
1023 3723 1059 3780 et
1101 3707 1379 3781 hereditamenta
1420 3731 1646 3806 quecumque

441 3805 601 3905 ipsorum
636 3807 800 3906 Majoris,
836 3807 972 3898 Ballivi,
1006 3824 1042 3881 et
1078 3807 1368 3897 Communitatis,
1412 3809 1506 3882 unde
1540 3806 1645 3881 iidem

442 3906 576 4006 Major,
613 3907 782 3998 Ballivus,
821 3905 873 4006 [et
916 3905 1179 4007 Communitas]
1207 3909 1273 3981 soli
1317 3909 1425 3981 seisiti
1469 3925 1530 3982 aut
1564 3933 1646 4006 pos-

439 4005 620 4081 sessioneti
645 4009 800 4082 existunt
831 4009 906 4082 sive
927 4010 1145 4110 conjunctim
1172 4035 1256 4083 cum
1281 4009 1351 4082 alio
1376 4027 1438 4082 aut
1463 4010 1550 4098 aliis,
1584 4026 1646 4083 aut

440 4110 529 4183 alius
570 4107 639 4184 vel·
663 4108 720 4182 alii
746 4110 790 4183 ad
833 4135 959 4182 eorum
996 4135 1102 4184 usum
1144 4110 1252 4184 seisiti
1286 4111 1360 4183 sive
1402 4111 1646 4208 possessionati

440 4211 609 4298 existunt,
643 4227 705 4284 aut
747 4211 886 4284 seisitus
925 4212 997 4284 sive
1033 4213 1313 4309 possessionatus
1354 4213 1483 4301 existit,
1518 4211 1648 4309 absque

442 4309 559 4386 debita
583 4311 790 4384 liberacione
825 4311 1071 4410 prosecucione
1103 4313 1178 4384 sive
1203 4313 1428 4386 restitutione
1452 4314 1646 4386 eorundem
