3726 5256
429 471 477 542 70
788 447 964 520 DOVER
991 445 1268 521 CHARTERS

500 647 680 742 Johannes
706 645 834 722 Girold
862 647 906 720 de
932 648 1097 721 Dovorra
1113 645 1320 722 attachiatus
1337 645 1381 720 ad
1398 644 1635 745 respondend’

426 747 574 822 domino
618 747 767 821 Custodi
810 749 854 822 de
901 761 1111 845 contemptu
1153 746 1198 820 de
1241 773 1284 820 εο
1321 746 1419 846 quod
1472 746 1636 820 arestavit

738 849 927 948 quamdam
944 873 1070 921 navem
1090 846 1229 922 Ricardi
1242 848 1394 922 Archier
1409 848 1454 921 de
1472 849 1637 920 Dovorra

432 950 554 1023 Girold
740 949 778 1023 in
805 948 890 1021 villa
905 950 950 1023 de
967 949 1093 1050 Caleys
1119 963 1278 1022 vocatam
1296 949 1349 1022 Le
1366 949 1555 1022 Lancastre
1572 973 1637 1047 pro

424 1069 611 1147 preceptum
628 1070 686 1123 cst.
739 1065 836 1122 certo
891 1066 1074 1124 contracto
1117 1049 1154 1122 in
1199 1050 1311 1124 Portu
1346 1051 1510 1123 Dovorra
1542 1047 1637 1122 facto

739 1166 861 1225 contra
885 1150 1084 1224 libertatem
1111 1151 1269 1250 quinque
1298 1165 1467 1249 portuum
1498 1149 1570 1324 get]
1598 1149 1635 1222 in

429 1267 637 1350 contemptu
655 1251 825 1326 Custodia
841 1252 1021 1325 dictorum
1040 1267 1208 1350 portuum
1223 1251 1318 1325 unde
1329 1252 1447 1325 dictus
1458 1252 1505 1346 Jo
1531 1275 1637 1324 annes

429 1369 570 1427 tenetur
596 1353 693 1426 dicto
711 1353 860 1426 Custodi
888 1353 926 1425 in
954 1379 977 1426 x
1004 1353 1040 1426 li.
1069 1369 1106 1426 et
1131 1353 1200 1427 hoc
1227 1367 1394 1426 testatum
1421 1370 1474 1426 εει
1499 1352 1556 1425 hic
1573 1377 1637 1451 per

429 1453 645 1527 Nicholaum
672 1453 871 1551 Eppeloun‚
901 1453 1080 1556 Majorem
1107 1454 1151 1528 de
1184 1452 1379 1543 Sandwico,
1404 1453 1636 1526 Vincencium

430 1554 568 1643 ffinche,
587 1553 762 1629 Ballivum
780 1555 825 1628 de
842 1555 1067 1655 Wynchelse‚
1093 1571 1129 1628 et
1156 1579 1220 1655 per
1246 1552 1474 1653 quamplures
1491 1554 1590 1654 quod
1607 1552 1636 1626 si

430 1681 492 1754 per
508 1655 646 1731 dictum
662 1655 862 1750 Johannem
877 1655 994 1730 taliter
1011 1672 1252 1754 perpetratum
1270 1653 1379 1728 fuerit
1395 1655 1495 1755 quod
1521 1654 1558 1727 in
1576 1653 1636 1727 tali

430 1782 509 1830 casu
540 1755 681 1830 custodi
711 1755 871 1857 quinque
900 1773 1074 1856 portuum
1104 1782 1128 1829 x
1156 1757 1192 1833 li.
1225 1756 1362 1829 solvere
1378 1771 1530 1830 tenetur.
1584 1755 1637 1830 Et

429 1882 536 1955 super
564 1857 630 1929 hoc
656 1857 820 1957 quesitus
849 1873 903 1932 est
921 1857 1052 1958 siquid
1068 1883 1135 1957 pro
1152 1883 1188 1930 se
1205 1855 1330 1931 habeat
1346 1858 1401 1930 vel
1419 1857 1536 1930 dicere
1552 1855 1637 1930 sciat

456 1982 540 2030 uare
556 1958 671 2032 dictos
688 1983 711 2030 x
726 1957 763 2034 li.
783 1959 924 2032 custodi
943 1959 1079 2032 solvere
1097 1985 1168 2032 non
1186 1958 1321 2032 debeat.
1374 1957 1449 2054 Qui
1476 1957 1576 2032 venit
1601 1973 1638 2029 et

430 1983 517 2132 licit
530 2058 630 2159 quod
641 2057 776 2134 nullam
790 2084 916 2133 navem
928 2060 1094 2133 arestavit
1106 2059 1200 2156 apud
1215 2059 1340 2159 Caleys
1352 2075 1461 2157 prout
1475 2057 1638 2156 superius

433 2159 658 2258 supponitur.
710 2159 761 2232 Et
788 2160 854 2233 hoc
880 2176 1024 2259 paratus
1050 2176 1104 2233 est
1131 2159 1306 2233 verificare
1332 2159 1638 2261 qualitercumque

432 2258 540 2333 Curia
557 2259 840 2349 consideraverit,
855 2277 922 2334 etc.
975 2260 1061 2336 ldeo
1072 2262 1178 2335 datus
1190 2277 1244 2334 est
1256 2261 1288 2334 ei
1301 2261 1377 2334 dies
1388 2261 1433 2335 ad
1445 2259 1639 2334 Ecclesiam

430 2359 545 2434 Sancti
572 2360 694 2455 Jacobi
724 2361 770 2436 de
798 2363 966 2436 Dovorra
995 2361 1052 2434 die
1081 2361 1182 2456 Jovis
1208 2361 1374 2461 proximo
1400 2378 1481 2435 ante
1507 2359 1638 2436 festum

431 2459 546 2534 Sancti
564 2461 711 2562 Georgii
727 2461 882 2536 martiris
897 2461 1103 2563 proximum
1125 2459 1305 2536 futurum.
1357 2461 1408 2536 Et
1434 2479 1639 2562 preceptum

431 2577 485 2635 εει
511 2561 645 2663 Majori
671 2579 706 2636 et
732 2563 869 2636 Ballivo
897 2566 1063 2638 Dovorre
1088 2564 1188 2665 quod
1212 2563 1334 2638 venire
1361 2562 1489 2638 faciant
1517 2579 1640 2637 contra

431 2662 535 2737 illum
552 2664 649 2738 diem
666 2663 727 2765 xij,
746 2681 826 2755 etc,
843 2665 907 2766 qui
926 2690 999 2755 nec,
1017 2682 1087 2739 etc.

506 2839 686 2933 Johannes
702 2841 864 2932 Archier,
883 2865 1051 2958 querens,
1069 2842 1219 2941 opponit
1236 2867 1272 2915 se
1285 2869 1409 2918 versus
1422 2843 1636 2919 Nicholaum

433 2956 505 3014 atte
536 2941 657 3031 Halle,
687 2966 800 3038 nuper
828 2943 1008 3044 Majorem
1037 2960 1165 3042 portus
1192 2944 1365 3034 Dovorre‚
1398 2961 1435 3018 et
1451 2944 1641 3042 complices

432 3041 590 3142 ejusdem
618 3042 782 3116 Nicholai
811 3043 1058 3238 tuncg'uratos
1086 3045 1180 3118 dicte
1206 3044 1299 3135 ville,
1331 3062 1440 3144 prout
1465 3060 1563 3162 patet
1578 3070 1640 3145 per

432 3142 624 3241 quamdam
642 3141 761 3215 billam
778 3143 891 3240 ipsius
930 3144 1077 3218 ohannis
1103 3145 1149 3218 de
1175 3143 1265 3220 falso
1286 3147 1424 3248 judicio
1453 3172 1516 3244 per
1545 3171 1641 3243 ipsos

433 3241 470 3315 in
488 3258 596 3342 portu
615 3242 774 3340 predicto
791 3261 914 3318 contra
929 3245 1067 3319 dictum
1082 3245 1281 3339 Johannem
1300 3272 1413 3345 nuper
1428 3247 1580 3339 reddito,
1604 3247 1641 3318 in

761 3369 867 3444 grave
892 3361 1139 3444 contemptum
1154 3347 1290 3422 domini
1317 3347 1436 3449 Regis,
1464 3366 1499 3423 et
1516 3349 1642 3447 damp-

436 3443 632 3538 Preceptum
651 3461 710 3516 est.
762 3470 850 3518 num
877 3445 989 3542 ipsius
1014 3445 1185 3540 Johannis
1209 3464 1352 3522 centum
1377 3449 1560 3537 librarum,
1573 3466 1638 3525 etc.

762 3544 812 3618 Et
841 3545 1020 3643 predictus
1050 3546 1247 3620 Nicholaus
1275 3563 1312 3622 et
1341 3548 1398 3622 alii
1426 3550 1577 3623 veniunt
1606 3566 1642 3623 et

434 3641 644 3735 defendunt,
671 3660 750 3737 etc„
786 3661 822 3718 et
854 3646 979 3720 dicunt
1006 3648 1106 3748 quod
1133 3647 1274 3721 nullum
1300 3646 1429 3723 falsum
1460 3649 1641 3751 judicium

434 3763 543 3842 prout
556 3746 674 3820 dictus
685 3746 864 3840 Johannes
877 3747 999 3820 asserit
1017 3773 1080 3846 per
1097 3748 1215 3846 ipsos*
1226 3749 1333 3824 exstit
1346 3750 1540 3824 redditum.
1591 3751 1641 3824 Et

434 3847 502 3919 hoc
519 3863 645 3945 petunt
662 3848 761 3948 quod
780 3847 980 3921 verificetur
996 3848 1303 3950 qualitercumque
1329 3851 1436 3924 Curia
1460 3851 1642 3925 consider-

434 3947 569 4022 averit:
605 3949 691 4025 Ideo
708 3966 913 4048 preceptum
932 3966 985 4023 est
1004 3949 1136 4051 Majori
1150 3968 1186 4025 et
1203 3951 1340 4025 Ballivo
1360 3954 1525 4028 Dovorre
1541 3953 1642 4054 quod

434 4048 584 4123 habeant
601 4051 787 4124 recordum
804 4066 842 4124 et
857 4076 1058 4150 processum
1076 4051 1161 4125 dicti
1173 4052 1301 4154 judicii
1320 4077 1403 4126 cum
1420 4054 1586 4127 omnibus
1602 4080 1643 4128 ea

684 4151 912 4253 tangentibus
933 4151 1000 4224 sub
1018 4151 1142 4252 sigillis
1153 4179 1290 4244 eorum,
1303 4171 1338 4228 ει
1352 4154 1476 4270 sigillis
1488 4171 1643 4256 quatuor

434 4251 630 4326 Recordum.
684 4251 851 4353 legalium
867 4253 1056 4327 hominum
1073 4254 1135 4354 qui
1152 4255 1302 4329 recordo
1318 4255 1371 4329 illi
1389 4255 1643 4346 interfuerunt,

684 4353 727 4428 ad
740 4355 937 4454 proximam
947 4355 1165 4456 Shipweyam
1176 4373 1217 4431 ut
1225 4356 1344 4432 habita
1352 4356 1643 4456 indeinspexione
