3702 5256
465 458 539 532 434
832 433 1311 510 novssncnlrrsrs

927 633 1214 715 cxxvu,

880 807 968 890 xxvj
995 805 1253 888 mamerz.

465 961 679 1036 Novsrrsr
695 961 850 1036 universi
868 987 931 1062 per
942 979 1120 1062 presentes
1133 987 1209 1054 nos,
1227 961 1408 1037 Thomsm
1429 961 1617 1057 Gooreley,
1634 977 1672 1034 et

464 1063 664 1157 Johsnnem
680 1063 888 1162 Spritwelle,
904 1063 950 1137 de
974 1062 1069 1136 Villa
1092 1080 1130 1137 et
1149 1063 1259 1136 Portu
1278 1064 1412 1152 Dover,
1430 1062 1467 1135 in
1485 1061 1672 1139 Comitstu

466 1163 611 1254 Ksncie,
629 1189 769 1263 yomen,
786 1163 897 1238 teneri
923 1179 959 1238 et
976 1163 1126 1238 firmiter
1142 1163 1211 1238 obl'
1281 1162 1460 1257 'Johsnni
1476 1161 1611 1235 Warde
1627 1161 1674 1234 de

464 1264 587 1339 eadem
613 1263 696 1338 ville
719 1263 757 1337 in
782 1266 906 1339 decem
930 1263 1029 1338 libris
1050 1263 1142 1339 bone
1161 1280 1198 1338 et
1236 1265 1344 1366 egslis
1369 1279 1511 1338 monete
1528 1261 1671 1364 Anglie,

465 1363 625 1440 solvend’
658 1363 774 1440 eidem
805 1363 959 1459 Johanni
989 1365 1134 1455 Wsrde,
1167 1380 1229 1440 eut
1257 1389 1323 1440 suo
1356 1381 1453 1438 certo
1481 1379 1670 1452 sttornsto,

466 1465 664 1556 heredibus,
680 1465 934 1555 executoribus,
957 1465 1014 1538 vel
1031 1467 1224 1568 assignatis,
1241 1467 1324 1554 suis,
1341 1467 1385 1540 sd
1401 1489 1508 1565 quam
1523 1463 1672 1564 quidem

465 1565 681 1642 solucionem
715 1566 804 1642 bene
844 1582 881 1640 et
913 1565 1065 1641 fideliter
1107 1565 1255 1640 faciend'
1289 1565 1488 1666 obligamus
1530 1589 1594 1638 nos
1634 1579 1672 1637 et

468 1683 660 1767 utrumque
677 1683 840 1742 nostrum
857 1691 919 1765 per
947 1691 984 1740 se
1009 1683 1046 1741 et
1062 1691 1130 1766 pro
1146 1682 1227 1744 toto
1250 1682 1288 1741 et
1312 1665 1349 1740 in
1374 1666 1496 1742 solidis
1512 1665 1668 1752 heredes,

465 1783 679 1856 executores,
712 1784 750 1842 et
790 1767 983 1868 assignatos
1013 1783 1167 1858 nostros,
1208 1766 1357 1843 firmiter
1392 1791 1455 1866 per
1482 1779 1672 1865 presentes,

466 1867 591 1970 sigillis
608 1867 738 1942 nostris
753 1867 924 1968 sigillatis.

542 1969 680 2042 Detum
691 1967 774 2069 xxvj
787 1967 845 2042 die
858 1968 950 2043 Maii
963 1993 1056 2042 anno
1069 1969 1169 2068 regni
1181 1967 1326 2042 domine
1343 1981 1461 2041 nostre
1472 1963 1671 2057 Elizsbeth,

466 2067 524 2143 dei
557 2067 674 2168 grecis
713 2067 858 2168 Anglie,
901 2067 1081 2158 ffrsuncie,
1122 2084 1160 2143 et
1201 2066 1380 2142 Hibernie
1412 2067 1547 2168 regine,
1589 2065 1671 2140 fidei

466 2165 672 2256 defensoris,
689 2183 769 2257 ete,
786 2185 899 2243 sexto.
950 2170 1062 2244 Anno
1083 2169 1192 2268 15⁶4·
