3716 5290
458 498 531 571 330
813 473 993 548 DOVER
1020 473 1300 548 CHARTERS

949 675 1123 757 XCVI
1139 677 1171 754 1.

778 868 859 916 xxx
882 847 1017 930 Mareu,
1050 863 1090 930 13
1119 850 1212 918 taen.
1233 848 1336 916 VIII.

454 1006 668 1081 Novantur
697 1006 852 1080 universi
883 1031 947 1105 per
981 1021 1160 1105 presentes
1197 1032 1254 1079 me
1293 1007 1475 1106 Rogerum
1505 1006 1661 1097 Winter,

454 1107 619 1181 clericum
656 1123 693 1180 et
731 1105 966 1205 presbiterum
1000 1108 1190 1182 secularem
1223 1109 1268 1182 de
1301 1106 1419 1180 altaris
1456 1108 1662 1181 Sanctorum

453 1208 631 1282 Anthonii
661 1224 697 1282 et
727 1208 887 1298 Barbare,
914 1210 951 1281 in
978 1209 1120 1282 ecclesia
1145 1207 1343 1282 beatissime
1368 1208 1528 1307 Virginis
1545 1209 1661 1282 Maric

455 1307 546 1382 infra
579 1311 700 1382 villam
734 1309 881 1398 Calesie,
915 1311 1159 1408 capellanum:
1205 1309 1362 1383 unanimi
1405 1335 1449 1381 ex
1489 1335 1659 1384 consensu

454 1411 576 1484 matris
593 1435 668 1485 mee
685 1426 721 1483 ct
739 1411 807 1483 mei
825 1411 1013 1510 assignasse
1030 1409 1153 1483 fecisse
1168 1411 1354 1508 deputasse
1372 1412 1522 1510 locoque
1540 1428 1661 1484 nostro

454 1511 609 1609 posuisse
636 1527 672 1584 et
698 1511 921 1584 constituisse
947 1511 1096 1584 dilectos
1123 1510 1225 1583 nobis
1250 1513 1287 1583 in
1305 1511 1426 1584 Cristo
1444 1510 1660 1584 Nicholaum

455 1611 605 1704 Cockes,
632 1629 668 1686 et
697 1611 917 1685 ffranciscum
948 1613 1051 1700 Stele,
1077 1614 1122 1687 de
1153 1611 1237 1684 villa
1267 1613 1431 1685 Dovorre
1465 1613 1660 1712 indigenas,

454 1737 491 1785 ac
523 1738 637 1787 unum
663 1737 815 1812 uemque
844 1737 981 1800 eorum,
1011 1713 1227 1814 conjunctim
1256 1730 1292 1784 et
1327 1713 1482 1801 divisim,
1520 1731 1660 1786 nostros

455 1839 557 1887 veros
585 1830 621 1887 et
638 1739 827 1914 legitimos
857 1813 894 1886 in
924 1815 988 1887 hac
1017 1832 1116 1912 parte
1145 1829 1352 1902 attornatos,
1371 1813 1661 1914 indubitatosque

453 1931 697 2013 procuratores
721 1931 757 1988 et
782 1913 931 1988 factores
955 1915 1000 1988 ad
1024 1915 1196 2032 exigend’,
1225 1914 1375 2002 levand',
1402 1915 1604 2012 recipiend',
1624 1934 1659 1988 et

453 2016 679 2114 recuperand’
718 2039 784 2113 pro
820 2015 932 2104 nobis,
964 2015 1167 2089 nominibus
1194 2040 1338 2115 quoque
1369 2016 1510 2104 nostris,
1541 2017 1659 2090 omnia

453 2117 545 2189 bona
572 2115 716 2189 mobilia
742 2115 863 2189 catalla
890 2142 929 2189 ac
954 2116 1073 2190 debita
1097 2116 1245 2189 domino
1259 2116 1413 2209 Johanni
1434 2117 1559 2207 Recht,
1577 2117 1659 2190 alias

455 2217 607 2306 Fissher,
625 2215 831 2315 presbitero,
862 2218 949 2290 dum
980 2217 1081 2308 vixit,
1111 2217 1303 2316 spectantia
1331 2218 1405 2290 sive
1435 2219 1657 2315 pertinentia,

451 2334 488 2392 et
502 2318 614 2406 nobis,
629 2318 763 2392 ratione
776 2317 895 2390 obitus
905 2317 1052 2418 ejusque
1061 2341 1104 2390 ex
1115 2319 1182 2390 hoc
1192 2317 1311 2391 seculo
1326 2319 1656 2418 transmigrationis,

453 2420 625 2509 descensa,
643 2419 687 2492 ab
707 2418 873 2491 omnibus
892 2435 929 2490 et
949 2419 1098 2518 singulis
1115 2419 1273 2518 personis
1289 2445 1329 2492 ea
1342 2419 1563 2509 habentibus,
1582 2439 1656 2493 ten-

451 2521 606 2611 entibus,
613 2536 648 2594 ct
660 2519 940 2593 custodientibus
949 2545 988 2592 ac
999 2519 1220 2594 debentibus:
1236 2521 1372 2594 Dentes
1381 2537 1417 2593 et
1428 2523 1657 2596 concedentes

452 2621 620 2719 predictis
637 2621 822 2694 attornatis
841 2621 969 2694 nostris
987 2620 1126 2718 plenam
1148 2638 1184 2695 et
1210 2621 1441 2694 sufficientem
1467 2623 1657 2697 auctorita-

452 2739 525 2796 tem
555 2738 764 2820 potestatem
794 2738 830 2794 et
861 2722 1065 2795 mandatum
1096 2721 1255 2820 speciale,
1285 2723 1420 2794 ratione
1449 2739 1485 2795 et
1515 2721 1655 2797 defectu

449 2822 724 2913 deliberationis,
742 2821 977 2896 restitutionis
1004 2823 1180 2896 bonorum
1198 2848 1237 2896 ac
1255 2847 1326 2895 non
1343 2823 1534 2897 solucionis
1550 2824 1656 2898 dena-

450 2923 587 2997 riorum
622 2949 685 3020 per
717 2948 977 3022 quamcumque
1020 2948 1204 3021 personam
1245 2949 1307 2997 seu
1350 2948 1515 3021 personas
1559 2925 1657 2999 dicto

450 3025 600 3098 domino
611 3025 763 3119 Johanni
777 3026 865 3099 dum
877 3024 967 3097 vixit
978 3025 1184 3098 debitorum
1196 3041 1233 3097 et
1246 3026 1558 3124 appertinentium,
1570 3043 1606 3098 et
1618 3053 1657 3100 ea

450 3126 634 3199 restituere
659 3126 762 3199 dictis
786 3125 969 3198 attomatis
994 3125 1244 3223 impugnantes
1276 3141 1312 3199 et
1348 3126 1654 3200 contradicentes:

449 3251 571 3299 omnes
587 3225 794 3326 hujusmodi
810 3242 933 3326 gentes
959 3226 986 3298 si
1014 3251 1151 3299 necesse
1177 3225 1284 3300 fuerit
1310 3227 1469 3300 arrestari
1495 3226 1656 3316 faciend’,

450 3327 694 3416 incarcerand’,
707 3343 743 3400 et
760 3343 859 3399 extra
875 3351 1045 3399 carcerem
1062 3327 1277 3402 deliberand’
1294 3342 1400 3426 atque
1416 3328 1656 3426 implacitand'

448 3444 484 3501 et
502 3427 735 3526 prosequend'
753 3427 878 3526 placita
893 3444 930 3501 et
956 3429 1219 3525 prosecutiones
1244 3453 1366 3501 versus
1392 3453 1463 3519 eos,
1481 3445 1517 3502 et
1534 3450 1657 3504 omnes

448 3553 488 3601 ac
515 3551 806 3627 unumquemque
831 3551 897 3625 pro
923 3528 1024 3601 nobis
1044 3529 1246 3602 nominibus
1263 3529 1393 3602 nostris
1408 3530 1603 3605 sustinend'
1620 3549 1656 3605 ct

448 3629 679 3717 sustentand’,
697 3629 734 3701 in
751 3629 1033 3728 quibuscumque
1050 3629 1156 3704 curiis
1171 3647 1208 3703 et
1229 3655 1345 3703 coram
1373 3631 1657 3731 quibuscumque

448 3729 635 3824 Judicibus
658 3746 694 3802 et
719 3729 928 3823 Justiciariis
952 3755 1109 3829 quorum
1126 3731 1283 3821 interest,
1301 3731 1391 3804 adeo
1416 3731 1548 3829 precise
1565 3733 1656 3806 sicut

450 3833 506 3905 lex
522 3832 632 3930 exigit
648 3846 685 3903 et
702 3831 850 3930 requirit
867 3859 875 3904 τ
902 3848 938 3904 et
955 3832 1000 3905 de
1016 3832 1164 3929 receptis
1181 3831 1387 3932 hujusmodi
1413 3833 1451 3905 in
1476 3833 1542 3906 hac
1557 3851 1657 3933 parte

449 3931 692 4031 acquietanciis
721 3956 788 4029 pro
817 3931 918 4005 nobis
946 3947 982 4004 et
1013 3933 1216 4006 nominibus
1245 3933 1374 4006 nostris
1407 3935 1656 4031 componend'‚

449 4033 623 4132 sigilland'
641 4049 676 4106 et
692 4033 931 4106 deliberand‘:
958 4033 1161 4132 Omniaque
1190 4033 1256 4107 alia
1284 4052 1320 4106 et
1350 4034 1489 4134 singula
1517 4060 1589 4133 que
1619 4037 1654 4108 in

450 4133 626 4233 premissis
645 4149 681 4206 ct
707 4134 796 4206 circa
820 4159 860 4206 ea
886 4134 1074 4207 necessaria
1098 4159 1159 4207 scu
1176 4135 1361 4234 quomodo
1378 4136 1463 4207 libet
1480 4153 1656 4234 oportuna

449 4260 515 4333 pro
526 4235 628 4308 nobis
637 4250 672 4307 ct
684 4233 887 4307 nominibus
899 4235 1059 4333 [nostris]
1071 4234 1231 4325 faciend’,
1241 4237 1655 4335 exercend',exequend’,

448 4352 484 4410 et
501 4335 722 4434 expediend’,
739 4334 827 4409 adeo
843 4335 944 4434 plene
961 4351 996 4408 et
1014 4335 1150 4438 integre
1176 4353 1284 4438 prout
1311 4363 1375 4411 nos
1400 4339 1656 4412 constituentes
