3728 5256
443 461 513 514 202
802 435 984 511 DOVER
1011 434 1290 510 CHARTERS

439 651 560 711 nostra
576 635 715 735 speciali
732 633 968 709 concessimus
993 634 1138 733 prefatis
1165 636 1298 736 Majori
1323 652 1359 710 et
1387 633 1649 713 Communitnti

438 741 532 814 dicte
559 736 642 812 ville
669 753 789 811 nostre
816 736 981 810 Dovorre
1008 753 1044 811 et
1070 737 1331 810 successoribus
1359 739 1443 828 suis,
1467 737 1565 838 quod
1582 735 1648 834 ipsi

439 841 586 914 habeant
603 863 726 912 omnes
743 835 952 911 franchesiss
969 838 1142 935 predictas
1159 839 1278 938 eisque
1294 838 1468 939 gaudeant
1484 853 1521 912 et
1547 853 1652 911 uton-

438 959 498 1015 tur
511 940 614 1042 juxta
631 941 716 1029 vim,
734 956 906 1026 tenorem,
920 953 955 1012 et
973 937 1138 1013 effectum
1154 939 1357 1029 earundem,
1376 940 1648 1039 imperpetuum,

438 1043 570 1142 absque
587 1041 877 1128 contmdiccione‚
902 1039 1168 1137 impedimento,
1187 1041 1260 1114 sive
1277 1041 1460 1116 obstaculo
1476 1064 1652 1140 quocum-

440 1167 508 1244 que
524 1167 534 1230 ;
551 1159 587 1216 et
605 1143 703 1243 quod
721 1142 787 1240 ipsi
806 1141 898 1214 inter
914 1156 951 1214 et
968 1167 1075 1240 super
1092 1167 1128 1214 se
1145 1141 1230 1214 tales
1251 1143 1504 1216 ordinaciones·
1514 1142 1653 1239 penales

442 1245 562 1346 quales
580 1243 644 1316 sibi
663 1267 729 1341 pro
745 1243 862 1317 debita
880 1241 1127 1318 observacione
1144 1258 1180 1315 et
1197 1244 1359 1317 custodis
1378 1241 1651 1316 franchesiarum

442 1345 690 1444 predictarum,
716 1370 757 1418 ac
783 1341 917 1416 factura
945 1345 1087 1417 navium
1116 1369 1185 1444 que
1220 1344 1380 1444 passagio
1414 1345 1576 1442 predicto
1603 1345 1652 1416 sic

442 1447 532 1520 fiunt
550 1461 586 1518 et
603 1445 688 1518 fient
705 1461 745 1518 ut
762 1445 884 1519 eedem
904 1470 1008 1518 naves
1025 1445 1069 1518 de
1088 1470 1208 1518 secura
1223 1442 1310 1519 forti
1327 1471 1367 1519 ac
1392 1445 1485 1518 bona
1510 1446 1653 1518 materia

443 1563 479 1620 et
506 1545 613 1634 fideli,
641 1561 712 1618 tam
740 1547 777 1618 in
805 1547 994 1618 moeremio
1020 1560 1056 1619 et
1084 1545 1178 1620 fideli
1207 1570 1323 1643 opere,
1355 1571 1464 1647 quam
1494 1547 1529 1618 in
1547 1570 1653 1643 opere

442 1647 559 1723 ferreo
585 1671 811 1746 quocumque
837 1672 876 1720 ac
906 1646 1072 1719 omnibus
1101 1646 1176 1718 aliis
1211 1647 1316 1720 rebus
1352 1649 1552 1721 necessariis
1587 1671 1654 1744 pro

443 1747 694 1823 fortificacione
727 1763 762 1819 et
798 1747 983 1821 securitate
1021 1747 1164 1822 navium
1202 1749 1437 1845 predictorum
1475 1747 1654 1823 videbitur

447 1849 635 1922 necessarie
651 1864 687 1921 et
704 1863 888 1945 oportune,
908 1847 1001 1923 licite
1019 1847 1133 1922 facere
1153 1849 1300 1923 valeant.

523 1949 564 2022 ln
582 1948 685 2049 cujus
701 1949 751 2020 rei
769 1949 1015 2022 testimonium
1034 1950 1095 2022 has
1111 1949 1246 2023 litteras
1263 1966 1400 2023 nostras
1410 1950 1485 2023 fieri
1503 1948 1654 2022 fecimus

445 2066 615 2150 patentes.

521 2151 629 2223 Teste
646 2173 703 2222 me
720 2150 798 2246 ipso
815 2151 907 2247 apud
926 2149 1080 2250 Redyng
1095 2151 1235 2225 decimo
1260 2178 1356 2226 nono
1379 2153 1437 2226 die
1464 2149 1654 2242 ffebruarii,

446 2277 539 2326 anno
556 2250 656 2350 regni
675 2251 786 2323 nostri
804 2249 942 2324 decimo
961 2267 1099 2326 octavo.

527 2353 610 2452 [Per
625 2351 722 2424 breve
739 2353 779 2424 de
789 2356 926 2446 priuato
943 2353 1264 2451 sigillo-Louthe.]

1845 2260 1847 2350 t

1847 2411 1849 2536 i
