3722 5278
470 472 513 548 16
824 472 1003 546 DOVER
1029 471 1307 546 CHARTERs

765 875 768 882 Ι
992 773 1098 852 v11
1110 772 1149 873 J.

858 948 905 1030 iiij
929 949 1029 1029 Mati,
1052 949 1213 1018 10Edw.
1238 949 1265 1016 1.

462 1108 543 1180 Rex
563 1106 693 1180 dilecto
709 1122 744 1178 et
763 1105 856 1182 fideli
875 1134 941 1181 suo
957 1108 1134 1206 Stephano
1150 1109 1196 1182 de
1217 1109 1446 1199 Penecestria,
1470 1109 1672 1184 Constabu-

459 1209 547 1282 lario
577 1208 692 1282 Castri
723 1209 775 1281 sui
807 1209 967 1282 Dovorie
995 1226 1031 1283 et
1061 1209 1212 1284 Custodi
1247 1211 1407 1311 quinque
1443 1212 1672 1286 Portuum-

458 1309 625 1382 Salutem.
677 1309 772 1406 Quia
788 1335 831 1383 ex
848 1309 989 1410 querela
1003 1311 1182 1384 Beronum
1196 1327 1358 1385 nostrum
1376 1313 1420 1385 de
1441 1312 1670 1387 ffnvereshem

459 1409 673 1510 [accepimus
689 1411 788 1510 quod
805 1410 993 1486 oswaldus
1005 1411 1041 1512 ·]
1056 1410 1160 1485 abhus
1175 1411 1333 1513 ejusdem
1361 1411 1442 1500 loci,
1468 1439 1533 1512 per
1556 1440 1671 1515 quan-

459 1513 539 1585 dam
574 1511 871 1609 composicionem
903 1512 1042 1586 dudum
1076 1513 1168 1586 inter
1197 1513 1313 1612 ipsum
1344 1529 1380 1587 et
1409 1515 1562 1588 Berones
1591 1514 1672 1588 illos

459 1613 594 1702 initam,
612 1613 770 1685 invenire
787 1612 991 1714 [debeatur]
1008 1639 1121 1688 unum
1140 1615 1321 1688 hominem
1345 1615 1389 1689 ad
1406 1632 1547 1690 custum
1565 1641 1668 1694 suum

458 1713 502 1786 ad
519 1713 741 1786 custodiend'
760 1713 938 1812 prisonem
957 1731 1113 1788 nostram
1132 1714 1280 1816 ibid[cm
1299 1716 1386 1831 una]
1411 1742 1495 1790 cum
1513 1719 1669 1817 quodam

458 1815 528 1888 alio
553 1815 697 1888 homine
723 1839 785 1912 per
811 1815 928 1888 dictos
945 1816 1100 1889 Batones
1117 1816 1162 1890 ad
1179 1816 1247 1890 hoc
1264 1817 1494 1910 invemend’3
1521 1835 1557 1891 et
1574 1817 1667 1892 idem

458 1912 580 1987 Abbas
608 1913 688 2015 [per
704 1915 851 1988 eandem
869 1916 1165 2013 composicionem
1182 1917 1362 1992 hominem
1380 1918 1599 2034 predictum]
1624 1919 1669 1992 ad

457 2016 678 2089 custodiend’
707 2015 885 2113 prisonem
915 2015 1109 2116 predictam
1135 2019 1310 2094 invenerit
1339 2021 1413 2118 ipse
1438 2020 1668 2094 nihilominus

458 2116 525 2190 hoc
555 2116 624 2189 'am
654 2115 767 2190 facere
794 2133 918 2190 contra
944 2117 1047 2219 [dicit
1071 2119 1188 2193 minus
1199 2119 1320 2221 juste:
1349 2121 1428 2195 Nos
1444 2121 1669 2195 advertentes

456 2243 507 2317 qu
557 2217 574 2316 ]
601 2241 664 2315 per
689 2215 869 2292 defectum
897 2221 1055 2306 custodie
1074 2220 1278 2322 hujusmodi
1296 2219 1430 2295 futuris
1448 2222 1668 2320 temporibus

456 2317 589 2416 poterit
606 2318 802 2416 periculum
830 2321 988 2412 iminere,
1016 2319 1118 2395 vobis
1143 2321 1367 2422 [mandamus
1391 2323 1491 2423 quod
1517 2323 1667 2424 inquisi-

455 2420 591 2492 tionem
637 2417 773 2492 feciatis
818 2421 864 2494 de
910 2421 1070 2522 quere]la
1115 2424 1359 2522 predictorum
1401 2425 1593 2513 Beronum,
1636 2425 1665 2497 si

455 2519 658 2594 inveneritis
676 2520 723 2593 ita
737 2543 821 2609 esse,
835 2536 921 2594 tunc
931 2521 1108 2620 prefatum
1121 2522 1299 2598 Abbatem
1315 2525 1496 2599 hominem
1509 2524 1663 2626 [predic-

456 2637 534 2695 tum
561 2622 606 2694 ad
632 2620 810 2720 prisonem
837 2622 934 2697 illam
961 2624 1180 2698 custodiend’
1211 2625 1385 2724 in]venire
1412 2624 1556 2714 faciatis,
1575 2625 1666 2700 sicut

455 2723 492 2796 id
519 2747 583 2822 per
610 2722 906 2821 composicionem
938 2726 1132 2824 predictam
1161 2725 1275 2800 facere
1291 2726 1398 2801 debet
1414 2743 1450 2801 et
1467 2728 1556 2802 solet
1574 2742 1665 2800 tem-

456 2821 603 2922 poribus
619 2822 846 2924 [retroactis]

529 2923 638 3098 Tepite
652 2949 712 3040 me
729 2925 808 3024 ipso
824 2925 918 3025 apud
936 2927 1195 3002 Gloueestriam
1210 2927 1261 3029 iiij
1280 2927 1337 3003 die
1352 2926 1443 3001 Maii
1456 2955 1550 3003 anno
1562 2929 1662 3028 regni

455 3041 568 3100 nostrl
612 3049 736 3099 sermo.

515 3199 532 3233 *
542 3199 611 3257 The
626 3217 710 3257 name
725 3199 747 3256 is
768 3201 871 3260 almost
894 3201 1018 3279 entirely
1032 3201 1171 3277 illegible.
1215 3202 1241 3260 lt
1256 3201 1334 3261 lools
1349 3202 1407 3262 lile
1422 3202 1544 3275 Alanus,
1560 3203 1612 3262 but
1630 3204 1661 3262 in

454 3280 532 3340 Add.
548 3279 647 3350 MSS„
672 3279 765 3352 B.M.,
791 3283 867 3358 5827
894 3283 915 3342 f.
941 3300 951 3339 1
960 3297 995 3359 52
1012 3282 1039 3354 b,
1055 3283 1207 3343 Oswaldus
1221 3283 1258 3342 de
1274 3283 1367 3344 Estrio
1383 3285 1406 3344 is
1419 3285 1505 3361 given
1520 3305 1549 3345 ee
1563 3285 1662 3344 Abbot

454 3365 528 3422 from
549 3377 726 3440 1275·1292.
