3724 5256
448 433 519 506 208
809 431 991 506 DOVER
1019 430 1297 507 CHARTERS

444 629 613 726 predictis
630 645 713 704 octo
738 630 826 702 acris
842 644 935 703 terre
951 645 987 703 et
1005 627 1119 703 tribus
1145 630 1243 704 rodis
1260 647 1351 704 terre
1394 655 1475 703 uam
1502 630 1538 702 in
1556 630 1658 704 terris

444 745 479 802 et
507 730 717 804 tenementis
744 731 829 804 dicti
864 730 1034 825 Johannis
1063 730 1284 832 distringere,
1315 748 1351 804 et
1369 656 1659 832 tldistri]cciones

444 829 526 933 [sic]
554 849 670 930 captas
699 831 887 932 [abducere
916 847 1097 930 asportare
1120 847 1157 905 et
1191 833 1342 906 retinere
1375 832 1579 933 quousque]
1613 832 1657 906 de

445 930 612 1007 omnibus
645 933 829 1034 arreragiis
872 932 967 1006 dicte
1009 933 1110 1005 firme
1151 933 1256 1006 simul
1299 959 1382 1006 cum
1416 933 1580 1031 dampnis
1621 949 1658 1006 et

443 1034 604 1131 expensis
646 1059 747 1108 causa
789 1032 893 1134 hujus
934 1032 1151 1107 detencionis
1192 1031 1322 1108 habitis
1364 1033 1517 1133 plenarie
1549 1033 1658 1108 fuerit

445 1133 662 1208 satisfamum
679 1162 686 1207 :
706 1133 759 1235 [et
776 1133 943 1234 predicti]
954 1134 1119 1234 magister
1136 1149 1171 1208 et
1188 1133 1382 1210 confratres
1395 1150 1431 1209 et
1447 1141 1660 1209 successores

444 1235 498 1308 sui
520 1236 695 1334 predictas
720 1252 803 1310 octo
823 1261 917 1310 acras
937 1251 973 1310 et
994 1252 1065 1308 tres
1088 1236 1192 1310 rodas
1218 1251 1309 1309 terre
1330 1261 1412 1310 cum
1432 1236 1658 1334 pertinenciis

444 1335 516 1409 suis
546 1337 706 1434 predicto
729 1336 893 1432 Johanni‚
920 1335 956 1409 in
984 1333 1099 1410 forma
1124 1337 1328 1436 prescripta,
1353 1336 1659 1412 warantizabimus

445 1435 585 1538 [contra
639 1463 762 1512 omnes
813 1452 937 1536 gentes
989 1437 1294 1538 imperpetuum]:
1347 1454 1383 1513 et
1437 1439 1660 1537 supradictus

445 1534 625 1637 Johannes
650 1539 795 1613 heredes
819 1539 893 1611 sive
919 1538 1083 1638 assignati
1101 1539 1155 1611 sui
1182 1538 1293 1612 dictas
1316 1555 1399 1613 octo
1415 1564 1509 1614 acras
1533 1557 1569 1614 et
1587 1557 1658 1614 tres

444 1639 548 1714 rodas
574 1655 665 1714 terre
690 1655 770 1738 post
788 1638 940 1740 [dictum
967 1639 1175 1754 terminum]
1193 1639 1346 1737 plenarie
1366 1665 1505 1714 sursum
1532 1640 1658 1716 libera-

445 1740 534 1814 bunt
562 1741 599 1812 in
625 1757 698 1814 tam
728 1741 823 1814 bono
848 1756 942 1814 statu
970 1739 1062 1815 sicut
1087 1767 1108 1814 a
1131 1741 1235 1815 dictis
1259 1741 1430 1842 magistro
1458 1757 1495 1816 et
1520 1741 1656 1816 confra-

446 1841 559 1915 tribus
575 1841 611 1914 in
630 1841 804 1941 principio
822 1857 1040 1939 receperunt.

521 1943 563 2015 In
577 1941 676 2043 cujus
692 1942 742 2016 rei
757 1943 1000 2016 testimonium
1012 1941 1165 2040 presenti
1178 1941 1367 2016 indenture
1380 1958 1454 2016 tam
1466 1941 1640 2044 [sigillum

327 2138 330 2147 Ι
445 2068 635 2117 commune
657 2068 814 2142 ipsorum
841 2043 999 2142 magistri
1025 2059 1061 2116 et
1087 2040 1307 2117 confratrum
1332 2041 1459 2145 [quarn
1483 2044 1640 2144 sigillum

446 2143 532 2218 dicti
549 2143 721 2239 Johannis
737 2143 935 2218 alternatim
952 2160 1035 2217 sunt
1052 2169 1213 2243 appensa.

520 2247 614 2319 Data
647 2244 684 2318 in
710 2244 820 2319 domo
849 2245 905 2320 dei
932 2247 1095 2318 Dovorre
1125 2245 1161 2318 in
1193 2245 1298 2319 Festo
1327 2245 1442 2320 Sancti
1472 2246 1658 2322 Michaelis

444 2345 660 2446 Archangeli
711 2343 837 2446 [anno]
879 2346 977 2446 regni
1030 2345 1138 2446 Regis
1189 2344 1369 2447 Henric[i,
1413 2346 1524 2422 *sexti
1576 2366 1656 2446 post

446 2445 696 2547 conquestum]
713 2447 857 2547 Anglie,
876 2447 1043 2520 vicesimo
1059 2447 1186 2545 primo,

489 2551 490 2554 ¹
524 2559 594 2633 rte
611 2560 693 2633 dced
706 2562 733 2634 is
750 2561 848 2635 much
866 2559 1059 2633 obliterated
1072 2561 1144 2632 and
1157 2577 1227 2632 torn
1246 2562 1279 2632 in
1297 2561 1426 2634 several
1430 2561 1555 2655 places.

508 2784 526 2820 *
538 2784 608 2844 The
622 2784 688 2844 date
709 2783 745 2842 of
756 2783 811 2843 this
826 2784 939 2844 charter
952 2783 975 2842 is
991 2781 1067 2842 tired
1087 2783 1117 2842 in
1134 2783 1238 2862 Henry
1252 2781 1335 2843 VL's
1350 2785 1430 2860 reign
1446 2784 1484 2862 by
1506 2786 1556 2844 the
1571 2805 1655 2848 name

446 2867 481 2926 of
497 2867 548 2925 the
564 2866 675 2926 Master
695 2865 771 2942 John
794 2863 907 2936 wellis,
922 2867 999 2936 who,
1021 2864 1093 2924 from
1116 2866 1199 2924 other
1219 2885 1341 2938 sources,
1363 2867 1387 2926 is
1404 2867 1512 2926 known
1533 2881 1564 2926 to
1584 2869 1656 2928 have

447 2949 521 3007 been
537 2947 587 3006 the
601 2960 747 3026 occupant
760 2946 795 3005 of
806 2947 868 3006 that
881 2945 964 3006 office
978 2946 1067 3006 about
1085 2963 1172 3024 1442.
