3726 5256
810 448 985 524 DOVER
1012 447 1289 522 CHARTERS

971 745 1143 826 xxlx

794 923 868 1007 xiiij
890 925 1049 1006 augens
1069 937 1111 1006 39
1132 923 1233 991 saw.
1258 923 1324 990 111.

454 1085 545 1159 Hac
574 1099 667 1157 carta
691 1083 872 1158 indentata
905 1096 1056 1157 testatur
1081 1083 1180 1184 quod
1213 1081 1430 1157 Willielmus
1454 1085 1499 1157 de
1524 1087 1662 1174 Denne,

455 1186 576 1286 Major
598 1183 691 1259 Ville
716 1186 892 1272 Dovorre,
917 1200 954 1258 et
973 1184 1083 1285 jurati
1104 1200 1191 1258 tunc
1213 1185 1382 1284 temporis
1398 1186 1557 1287 ejusdem
1581 1187 1664 1261 ville

454 1287 499 1362 de
524 1311 664 1360 assensu
689 1287 804 1360 tocius
830 1286 1094 1359 communitatis
1126 1284 1259 1359 ibidem
1284 1303 1532 1360 concesserunt
1556 1303 1593 1361 et
1618 1289 1661 1361 ad

455 1387 551 1462 feodi
577 1387 716 1460 firmam
743 1386 953 1461 dimiserunt
970 1385 1132 1460 Roberto
1157 1387 1204 1460 de
1230 1388 1415 1460 Swantone
1443 1405 1479 1462 et
1502 1388 1664 1482 Johanne

455 1489 556 1563 uxori
581 1488 657 1589 ejus
681 1489 858 1587 quandam
885 1486 1018 1586 peciam
1042 1502 1135 1560 terre
1155 1486 1331 1588 jacentem
1349 1487 1442 1561 infra
1466 1489 1663 1563 libertatem

454 1606 580 1688 portus
613 1592 777 1663 Dovorre
809 1588 904 1686 apud
948 1585 1168 1676 Castlehelle,
1203 1588 1367 1661 videlicet
1400 1587 1492 1662 inter
1533 1606 1661 1664 terram

453 1691 625 1785 Johannis
641 1689 797 1764 Gerolde
823 1714 946 1762 versus
964 1689 1166 1777 northwest,
1183 1703 1220 1761 et
1242 1689 1419 1787 quandam
1436 1714 1660 1764 communem

455 1792 615 1865 semitam
649 1816 719 1890 que
749 1790 847 1864 ducit
884 1790 929 1863 ad
958 1806 1112 1863 castrum
1142 1813 1263 1862 versus
1297 1789 1471 1880 northest,
1500 1806 1538 1865 et
1570 1792 1664 1866 inter

456 1910 585 1968 terram
612 1891 781 1966 heredum
814 1889 897 1964 Ade
926 1889 1088 1964 fforbour
1120 1905 1157 1963 et
1181 1906 1310 1963 terram
1335 1891 1506 1964 thlelmi
1532 1891 1664 1966 Sawere

456 2018 579 2067 versus
596 1994 767 2081 southest,
784 2007 821 2065 et
839 2007 966 2065 terram
989 1990 1085 2064 Petri
1104 1990 1281 2065 Cocchere
1307 2017 1426 2066 versus
1443 1993 1660 2067 southwest:

457 2092 606 2168 habend'
638 2110 676 2167 et
701 2091 842 2165 tenend'
869 2091 1061 2190 predictam
1093 2091 1225 2190 peciam
1253 2107 1345 2166 terre
1374 2117 1455 2166 cum
1484 2094 1557 2168 suis
1583 2120 1665 2194 per-

456 2195 617 2269 tinenciis
645 2191 789 2293 prefatis
819 2193 978 2266 Roberto
1004 2206 1041 2265 et
1069 2193 1230 2287 Johannc
1258 2192 1444 2267 heredibus
1470 2210 1507 2269 et
1539 2221 1663 2270 eorum

457 2293 639 2395 assignatis
677 2293 953 2393 imperpetuum,
987 2291 1149 2366 ffaciend’
1183 2293 1266 2368 inde
1297 2293 1486 2369 servicium
1527 2296 1663 2370 domini

457 2397 549 2496 regis
590 2395 733 2495 quando
774 2395 931 2468 evenerit
971 2393 1166 2468 secundum
1208 2395 1498 2469 consuetudinem
1589 2414 1667 2471 rtus

458 2496 606 2596 predicti
624 2510 660 2569 et
677 2495 846 2571 reddend'
858 2495 941 2569 inde
958 2495 1139 2570 annuatim
1158 2495 1292 2597 Majori
1306 2495 1398 2570 dicte
1408 2497 1503 2570 dicte
1515 2422 1664 2599 (povffle

458 2599 519 2699 qui
540 2614 627 2672 tunc
648 2622 715 2696 pro
741 2613 902 2696 tempore
922 2593 1029 2669 fuerit
1049 2611 1203 2696 quatuor
1224 2597 1386 2670 denarios
1412 2598 1664 2698 sterlingorum

457 2698 617 2773 annualis
642 2697 802 2772 redditus
827 2698 871 2771 ad
896 2694 1027 2770 festum
1054 2697 1185 2771 Pasche
1206 2699 1376 2773 solvend’.
1428 2698 1479 2772 Et
1503 2701 1666 2799 quando-

459 2825 611 2900 cumque
644 2799 822 2898 predictus
871 2797 1029 2871 annualis
1069 2797 1230 2872 redditus
1271 2815 1387 2872 aretro
1423 2797 1532 2873 fuerit
1573 2802 1666 2874 ultra

459 2902 653 2975 terminum
673 2901 871 3000 predictum
892 2924 954 2998 per
971 2923 1084 2972 unum
1107 2924 1239 2973 annum
1258 2899 1439 2999 integrum
1461 2918 1548 2974 tunc
1564 2901 1665 2976 liccat

461 3002 584 3104 majori
604 3001 697 3075 dicte
722 2999 804 3075 ville
830 3001 892 3101 qui
919 3016 1004 3073 tunc
1022 2996 1131 3074 fuerit
1160 3001 1292 3074 dictam
1311 3001 1445 3100 peciam
1472 3017 1563 3076 terre
1583 3028 1665 3076 cum

457 3104 529 3177 suis
563 3101 799 3201 pertinenciis,
832 3101 875 3174 ad
909 3125 1218 3202 quorumcumque
1255 3127 1380 3175 manus
1413 3101 1450 3175 in
1484 3119 1664 3200 posterum

460 3205 653 3292 devenerit,
682 3201 859 3301 reingredi
889 3203 1056 3274 reintrare
1084 3218 1121 3275 et
1154 3199 1294 3299 pacifice
1327 3202 1504 3301 possidere
1536 3203 1602 3277 sibi
1630 3220 1667 3277 et

460 3303 714 3378 successoribus
730 3305 801 3376 suis
817 3301 1010 3403 majoribus
1025 3302 1183 3403 ejusdem
1200 3300 1282 3375 ville
1299 3301 1556 3401 inperpetuum.
1612 3305 1665 3380 Et

460 3405 608 3504 predicti
631 3403 833 3476 Willelmus
859 3402 971 3502 major
990 3418 1027 3476 et
1041 3402 1168 3516 jurati,
1192 3427 1231 3475 ac
1256 3404 1490 3477 communitas
1508 3405 1667 3502 predicta

460 3503 738 3581 warantizabunt
763 3503 956 3601 predictam
978 3527 1110 3600 peciam
1131 3518 1224 3576 terre
1244 3528 1326 3575 curn
1346 3502 1420 3576 suis
1442 3505 1666 3603 pertinenciis

461 3605 605 3704 prefatis
623 3605 782 3678 Roberto
798 3620 834 3676 et
850 3604 1011 3698 Johanne
1029 3602 1216 3677 heredibus
1231 3619 1267 3677 et
1289 3629 1413 3677 eorum
1430 3607 1612 3706 assignatis
1628 3607 1665 3681 in

460 3706 577 3781 forma
592 3705 750 3805 predicta
765 3721 887 3778 contra
902 3729 1025 3778 omnes
1042 3721 1165 3804 gentes
1180 3704 1453 3805 imperpetuum.

537 3809 579 3881 ln
605 3807 705 3907 cujus
730 3805 779 3878 rei
805 3805 1049 3879 testimonium
1073 3821 1147 3878 tam
1176 3805 1332 3905 sigillum
1358 3807 1549 3907 majoratus
1573 3808 1667 3881 dicte

462 3909 545 3983 ville
561 3932 669 4008 quam
685 3907 842 4007 sigillum
865 3906 975 4005 ipsius
992 3905 1241 3981 Roberti'huic
1259 3908 1448 3982 indenture
1468 3909 1668 3984 alternatim

461 4026 545 4084 sunt
564 4033 726 4108 appensa.

537 4113 673 4184 Datum
695 4111 861 4182 Dovorra
884 4121 1013 4206 quarto
1032 4106 1171 4181 decimo
1187 4107 1245 4182 die
1261 4109 1431 4210 Augusti,
1447 4135 1541 4185 anno
1565 4110 1665 4211 regni

463 4211 556 4312 regis
572 4210 750 4298 Edwardi‚
768 4209 877 4298 tercii,
897 4234 917 4281 a
939 4224 1147 4308 conquestu,
1165 4209 1342 4284 tricesimo
1359 4234 1465 4288 nono,

462 4408 546 4518 [31]
