3738 5304
462 480 535 554 334
825 460 1007 535 noves
1035 459 1315 536 CHARTERs

941 761 985 838 X
997 758 1083 840 CV
1096 761 1114 838 l
1129 761 1147 838 1
1162 761 1193 838 1.

789 952 843 1000 xx
864 931 1042 1012 octobris,
1066 933 1112 1008 16⁴
1127 932 1220 999 lien.
1241 931 1342 1000 vm.

458 1090 548 1166 Hec
567 1092 766 1180 indentura‚
784 1091 874 1166 facta
891 1092 1060 1165 vicesimo
1076 1092 1135 1165 die
1152 1092 1323 1165 Octobris
1335 1117 1429 1164 anno
1446 1095 1547 1194 regni
1563 1095 1671 1195 Regis

459 1191 608 1267 Henrici
626 1195 740 1267 octavi
759 1193 1018 1268 sextodecimo
1035 1207 1197 1280 testatur,
1215 1192 1313 1292 quod
1329 1192 1509 1285 Johannes
1537 1195 1668 1284 Broke,

458 1293 579 1368 Ma'or
606 1293 689 1368 ville
731 1319 769 1368 ac
805 1293 935 1368 Portus
969 1295 1146 1382 Dovorre,
1174 1309 1213 1367 a'c
1257 1293 1429 1368 Ricardus
1465 1295 1668 1385 Marshalle,

458 1397 489 1468 R
536 1395 669 1496 ulphus
696 1393 872 1493 Buffkyn,
890 1394 1049 1468 Thomas
1076 1394 1297 1484 Middleton,
1315 1396 1512 1468 Kenelmus
1532 1396 1669 1494 Colley,

456 1497 631 1571 Custodes
656 1495 815 1596 ejusdem
845 1495 941 1585 ville,
965 1521 1029 1594 per
1053 1519 1231 1569 assensum
1257 1511 1293 1568 et
1318 1521 1529 1570 concensum
1556 1499 1671 1572 tocius

455 1595 734 1672 Communitatis
776 1595 860 1670 ville
903 1597 1061 1695 predicte
1102 1613 1349 1670 concesserunt
1392 1596 1604 1672 dimiserunt
1631 1616 1668 1671 et

454 1698 680 1774 tradiderunt
714 1697 902 1772 Willelmo
934 1699 1141 1798 Gravvnger,
1185 1721 1297 1770 unum
1332 1697 1552 1797 mesuagium
1585 1724 1667 1772 eum

455 1799 679 1897 pertinenciis
695 1799 867 1874 situatum
892 1815 928 1872 et
945 1799 1152 1872 existentem
1171 1796 1263 1870 infra
1287 1797 1486 1873 libertatem
1504 1801 1668 1874 Dovorre

455 1900 612 1997 predicte
629 1901 665 1973 in
688 1900 1017 1988 Bouremanwarde‚
1035 1899 1210 1987 videlieet,
1224 1899 1399 1996 capitand’
1416 1926 1460 1974 ex
1483 1927 1552 1973 una
1568 1917 1667 2000 parte

455 2002 499 2075 sd
515 2001 649 2102 regiam
667 2001 760 2074 viam
774 2002 964 2075 ducentem
977 2025 1084 2100 supra
1100 2025 1244 2073 murum
1262 2000 1357 2094 ville,
1372 2017 1538 2075 vocatum
1555 1999 1667 2076 above

455 2101 553 2175 walle
583 2127 704 2176 versus
741 2104 931 2190 southeast,
966 2100 1134 2175 latersnd’
1168 2101 1213 2176 ad
1248 2125 1392 2175 murum
1427 2101 1512 2176 ville
1545 2127 1667 2176 versus

455 2204 662 2292 southwest,
680 2202 855 2302 capitand’
873 2229 916 2276 ex
936 2201 1001 2275 alia
1018 2218 1117 2300 parte
1134 2204 1178 2277 ad
1203 2217 1335 2275 terram
1356 2202 1499 2276 Thome
1516 2203 1663 2302 Lybess,

449 2303 531 2405 jure
547 2304 666 2376 uxoris
682 2329 755 2390 sue,
773 2328 896 2376 versus
912 2305 1116 2394 northwest,
1134 2319 1170 2376 et
1182 2303 1350 2376 laterand'
1363 2303 1468 2404 juxta
1480 2303 1664 2394 venellam,

454 2421 615 2478 vocatam
659 2405 863 2478 Bowreman
905 2405 994 2493 lane,
1029 2429 1151 2478 versus
1193 2405 1397 2478 northeast:
1442 2404 1591 2478 habend'
1628 2422 1665 2478 et

453 2505 595 2579 tenend’
614 2505 813 2604 predictum
830 2504 1053 2604 mesuagium
1070 2531 1151 2578 cum
1169 2505 1334 2578 omnibus
1350 2503 1423 2578 suis
1440 2505 1665 2603 pertinenciis

454 2603 593 2704 prefato
628 2605 811 2681 Willelmo
839 2609 1042 2722 Grawnger‚
1076 2606 1263 2679 heredibus
1295 2622 1332 2679 et
1360 2606 1553 2705 assignatis,
1591 2607 1665 2680 suis

454 2706 745 2808 imperpetuum:
784 2707 955 2782 reddend'
981 2708 1064 2781 mdc
1088 2707 1272 2781 annuatim
1297 2704 1442 2806 prefatis
1469 2706 1601 2808 Majori
1627 2724 1663 2781 et

452 2809 721 2900 communitati,
751 2825 788 2882 et
812 2834 937 2883 eorum
962 2807 1217 2882 successoribus
1246 2807 1519 2907 imperpetuum,
1550 2833 1663 2882 unum

452 2911 637 2985 annualem
662 2909 842 2984 redditum
872 2911 1028 2984 duorum
1053 2908 1249 2984 solidorum
1270 2925 1306 2982 et
1329 2925 1412 2982 octo
1436 2907 1661 2983 denariorum

452 3013 488 3084 in
517 3010 609 3085 festo
638 3010 906 3109 Assumpcionis
935 3011 1034 3084 beate
1065 3009 1184 3083 Marie
1213 3009 1395 3110 Virginis:
1431 3034 1470 3083 ac
1501 3008 1662 3084 ffaciend’

451 3111 534 3186 inde
549 3111 738 3185 servicium
753 3110 892 3186 domini
910 3111 1020 3185 nostri
1036 3111 1142 3210 Regis
1157 3111 1353 3184 secundum
1370 3110 1662 3186 consuetudinem

451 3229 576 3309 portus
618 3212 767 3310 predicti
810 3237 893 3286 cum
935 3211 1126 3285 acciderit:
1170 3227 1207 3284 et
1240 3211 1268 3283 si
1304 3213 1488 3312 contingat
1520 3211 1660 3285 dictum

450 3313 635 3390 annualem
665 3312 846 3388 redditum
863 3313 1018 3388 duorum
1044 3311 1240 3386 solidorum
1267 3327 1304 3384 et
1328 3327 1410 3386 octo
1435 3312 1661 3386 denariorum

451 3431 566 3488 aretro
599 3412 676 3487 fore
710 3439 782 3488 non
808 3414 966 3490 solutum
993 3414 1031 3486 in
1058 3430 1155 3512 parte
1186 3412 1242 3486 vel
1270 3413 1306 3485 in
1334 3428 1414 3487 toto
1484 3439 1502 3486 r
1531 3413 1660 3514 viginti

452 3541 565 3589 unum
598 3513 673 3588 dies
716 3516 895 3613 proximos
928 3531 1113 3614 sequentes
1146 3529 1227 3612 post
1260 3513 1404 3612 aliquod
1446 3531 1560 3588 estum
1586 3539 1661 3613 quo

449 3615 539 3690 solvi
570 3615 707 3705 debeat,
737 3615 794 3692 vel
823 3617 922 3716 quod
953 3614 1138 3714 contingat
1165 3615 1301 3688 dictum
1330 3616 1548 3714 mesuagium
1577 3639 1659 3688 cum

450 3716 672 3815 pertinenciis
696 3717 912 3817 competenti
930 3734 966 3791 et
990 3715 1176 3790 sufficienti
1194 3715 1414 3813 reparatione
1431 3715 1475 3789 de
1500 3732 1661 3814 tempore

449 3817 485 3891 in
516 3836 657 3919 tempus
682 3843 811 3907 carere,
841 3818 939 3918 quod
969 3835 1055 3892 tunc
1080 3817 1168 3890 bene
1198 3817 1335 3890 licitum
1365 3817 1433 3889 erit
1464 3816 1596 3918 Majori
1624 3832 1661 3889 et

451 3919 712 3994 Communitati
725 3919 809 3994 ville
825 3919 981 4017 predicte
993 3936 1029 3991 et
1047 3917 1305 3991 successoribus
1323 3916 1396 3990 suis
1405 3917 1442 3990 in
1460 3917 1661 4017 predictum

450 4021 669 4121 mesuagium
696 4047 778 4094 cum
806 4019 1032 4121 pertinenciis
1058 4021 1102 4094 ad
1130 4018 1333 4103 reintrand',
1360 4034 1397 4092 et
1426 4019 1517 4092 illud
1548 4034 1589 4091 ut
1622 4017 1660 4090 in

448 4121 599 4218 pristino
617 4138 710 4194 statu
729 4147 795 4195 suo
821 4121 985 4194 rehabere
1001 4122 1153 4219 gaudere
1169 4135 1205 4193 et
1222 4119 1401 4218 possidere
1418 4119 1482 4193 hac
1507 4119 1660 4217 presenti

448 4222 672 4296 concessione
688 4239 725 4296 et
741 4221 945 4297 dimissione
962 4222 998 4294 in
1011 4221 1133 4321 aliquo
1150 4245 1222 4294 non
1239 4221 1413 4296 obstante
