3728 5256
470 483 537 554 142
825 459 1007 536 DOVER
1034 460 1314 537 CHARTERS

955 660 1000 741 X
1014 660 1101 742 LV
1113 662 1132 743 1
1147 662 1178 744 1.

805 1008 1078 1092 dnovembris,
1102 1025 1124 1092 4
1147 1008 1240 1078 Hen
1265 1009 1327 1078 1v.

463 1151 555 1227 an
580 1167 634 1230 est
658 1151 772 1228 finalis
796 1151 986 1228 concordie
1011 1150 1103 1226 facta
1129 1151 1166 1225 in
1184 1153 1294 1227 Curia
1310 1151 1446 1227 domini
1464 1151 1557 1252 regis
1574 1166 1672 1226 tenta

461 1255 499 1328 in
516 1255 630 1330 Portu
648 1255 826 1344 Dovorre,
844 1252 1001 1329 secundo
1017 1253 1074 1328 die
1091 1252 1309 1327 Novembris
1333 1279 1428 1328 anno
1444 1253 1544 1354 regni
1563 1253 1671 1352 Regis

462 1355 627 1448 Henrici,
644 1354 715 1457 iiijtl
731 1371 812 1455 post
828 1371 1062 1455 conquestum
1079 1355 1224 1454 Anglie,
1244 1369 1385 1455 quarto,
1418 1380 1536 1428 coram
1564 1354 1671 1429 Petro

462 1457 594 1550 Reade
633 1457 775 1560 Majore
812 1457 1006 1545 Dovorre;
1046 1455 1200 1529 Patricio
1236 1456 1471 1554 Saintoweyn,
1505 1454 1668 1542 Balliv03

459 1557 621 1654 Johnnnc
648 1557 853 1646 Evebroke,
881 1556 1040 1631 Roberto
1066 1557 1198 1655 Aieyn,
1224 1556 1383 1653 Juratis3
1417 1571 1454 1630 et
1479 1555 1556 1630 aliis
1582 1555 1668 1630 dicti

459 1659 596 1734 domini
638 1658 732 1758 regis
773 1655 936 1732 fidelibus
977 1673 1065 1732 tunc
1106 1657 1240 1732 ibidem
1290 1657 1525 1774 congregatis,
1576 1655 1667 1730 inter

459 1760 641 1834 Thomam
667 1776 723 1834 ate
750 1759 912 1834 Crouche
937 1774 975 1832 et
1002 1758 1213 1854 johannam,
1239 1783 1388 1833 uxorem
1404 1782 1492 1860 ejus,
1508 1782 1551 1831 ex
1568 1773 1667 1858 parte

460 1885 540 1952 una,
574 1876 772 1961 querentes,
805 1875 842 1933 et
874 1860 1073 1955 Johsnnem
1109 1860 1224 1934 Court
1260 1875 1297 1934 et
1332 1857 1563 1960 Margeriam,
1592 1858 1667 1959 ejus

328 2046 332 2055 ¹
460 1985 622 2052 uxorem,
654 1985 698 2034 ex
726 1975 827 2060 parte
858 1960 977 2050 alters,
1008 1957 1251 2050 deforciantes,
1280 1959 1326 2034 de
1359 1985 1434 2035 uno
1463 1975 1667 2034 tenemento

458 2086 541 2135 cum
570 2061 717 2136 edificiis
744 2076 780 2134 et
809 2059 885 2134 aliis
913 2060 1137 2158 pertinenciis
1162 2059 1245 2150 suis,
1269 2060 1419 2135 scituato
1444 2059 1481 2133 in
1499 2061 1667 2135 Dovorra

458 2162 494 2236 in
521 2161 786 2278 Syngelswarde
812 2161 907 2234 unde
933 2159 1103 2260 placitum
1131 2161 1380 2236 convencionis
1406 2161 1666 2236 summonitum

457 2261 527 2338 fuit
544 2279 636 2337 rnter
652 2263 796 2338 eosdem
812 2261 849 2334 in
866 2260 961 2335 dicta
977 2261 1096 2335 curia:
1125 2263 1191 2354 Ita,
1205 2263 1380 2354 videlicet,
1399 2264 1498 2362 quod
1516 2261 1664 2362 predicti

456 2365 636 2460 Johannes
652 2363 767 2438 Court
783 2378 819 2437 et
837 2363 1029 2462 Margeria,
1045 2363 1266 2454 summoniti,
1282 2379 1466 2453 venerunt,
1483 2378 1520 2437 et
1542 2387 1666 2463 recog-

456 2481 635 2541 noverunt
671 2464 810 2539 dictum
848 2478 1091 2538 tenementum
1127 2489 1210 2539 cum
1247 2464 1472 2564 pertinenciis
1507 2489 1581 2537 esse
1599 2463 1666 2580 jus

457 2567 616 2666 ipsorum
633 2565 777 2640 Thome
792 2580 829 2638 ct
844 2565 1017 2660 Johanne,
1035 2566 1158 2641 uxoris
1174 2565 1262 2666 ejus,
1279 2582 1315 2639 et
1333 2565 1422 2640 illud
1449 2564 1499 2639 eis
1522 2589 1664 2639 remise-

456 2684 542 2742 runt
566 2684 604 2742 et
630 2666 1067 2768 quietem-clamaverunt:
1112 2667 1255 2740 tenend’
1282 2684 1318 2740 et
1345 2665 1495 2740 habend'
1531 2665 1663 2739 eisdem

456 2769 599 2844 Thome
614 2785 651 2843 et
666 2768 841 2864 Johanne,
857 2765 1044 2842 heredibus
1059 2783 1096 2843 et
1121 2767 1303 2868 assignatis
1328 2767 1485 2868 ejusdem
1509 2767 1664 2856 Thome,

455 2868 563 2946 libere
589 2885 626 2944 et
652 2868 771 2969 quiete
794 2869 1080 2968 imperpetuum:
1110 2868 1272 2942 Preterea
1294 2883 1540 2942 concesserunt
1556 2867 1664 2942 iidem

455 2971 634 3066 Johannes
650 2986 687 3045 et
704 2970 885 3070 Margeria
901 2992 967 3069 pro
983 2995 1019 3044 se
1034 2984 1072 3043 et
1097 2968 1285 3043 heredibus
1311 2969 1470 3071 ejusdem
1494 2968 1665 3064 Johannis

454 3073 554 3171 quod
570 3071 636 3170 ipsi
652 3070 932 3146 warantizabunt
948 3069 1087 3145 dictum
1107 3085 1349 3146 tenementum
1376 3095 1459 3143 cum
1484 3071 1661 3170 pertinen-

454 3172 518 3246 ciis
533 3171 678 3272 prefatis
694 3172 838 3246 Thome
853 3188 890 3246 et
906 3171 1079 3267 Johanne,
1098 3171 1285 3246 heredibus
1302 3187 1339 3244 et
1362 3171 1545 3272 assignatis
1568 3171 1664 3272 ejus-

454 3272 537 3346 dem
553 3273 708 3364 Thonis,
724 3290 850 3347 contra
866 3297 989 3347 ornnes
1004 3287 1127 3373 gentes
1144 3273 1420 3372 imperpetuum.

1040 3589 1080 3640 11.

454 3717 601 3790 Semne
631 3729 809 3816 presentes
838 3730 875 3789 et
902 3713 1018 3790 futuri
1048 3714 1147 3815 quod
1177 3739 1242 3790 nos
1266 3713 1445 3810 Johannes
1474 3713 1590 3788 Court
1616 3713 1661 3787 de

453 3818 632 3906 Dovorra,
663 3815 861 3916 Margeria,
891 3841 983 3889 uxor
1012 3841 1101 3907 mea,
1127 3830 1164 3889 et
1195 3814 1353 3907 Martha,
1375 3830 1487 3889 mater
1502 3814 1659 3916 ejusdem

453 3919 645 4019 Margerie,
686 3916 862 4009 dedimus,
905 3917 1151 4008 concessimus,
1179 3932 1227 4007 et,
1269 3917 1335 3990 hnc
1372 3917 1524 4016 presenti
1555 3931 1655 4002 carta,

453 4035 574 4093 nostra
602 4019 889 4092 confirmavimus
916 4018 1061 4094 Thome
1090 4035 1145 4092 ate
1175 4017 1338 4092 crouche
1367 4017 1412 4092 de
1439 4017 1607 4092 Dovorra
1622 4033 1658 4090 et

450 4120 623 4216 Johanne,
641 4119 743 4193 uxori
761 4119 847 4220 ejus,
865 4145 979 4194 unum
1006 4134 1248 4194 tenementum
1273 4145 1356 4192 cum
1381 4118 1454 4192 suis
1478 4117 1658 4217 pertinen-

448 4221 512 4294 ciis
538 4222 729 4295 scituatum
754 4219 847 4294 infra
873 4219 1073 4295 libertatem
1101 4221 1232 4295 Portus
1258 4221 1426 4294 Dovorre
1453 4218 1490 4291 in
1511 4217 1657 4318 Syngel-

447 4322 573 4414 warde,
610 4321 785 4413 videlicet,
825 4322 918 4398 inter
955 4337 1197 4398 tenementum
1230 4321 1374 4397 Thome
1403 4320 1505 4398 Lord
1536 4343 1657 4396 versus
