<?xml version="1.0" encoding="UTF-8"?>
<!DOCTYPE html PUBLIC "-//W3C//DTD XHTML 1.0 Transitional//EN"
    "http://www.w3.org/TR/xhtml1/DTD/xhtml1-transitional.dtd">
<html xmlns="http://www.w3.org/1999/xhtml" xml:lang="en" lang="en">
 <head>
  <title>
</title>
<meta http-equiv="Content-Type" content="text/html;charset=utf-8" />
  <meta name='ocr-system' content='tesseract 3.04.00' />
  <meta name='ocr-capabilities' content='ocr_page ocr_carea ocr_par ocr_line ocrx_word'/>
</head>
<body>
  <div class='ocr_page' id='page_1' title='image "./doverchartersan01statgoog_0347.png"; bbox 0 0 3738 5304; ppageno 0'>
   <div class='ocr_carea' id='block_1_1' title="bbox 433 453 1278 552">
    <p class='ocr_par' dir='ltr' id='par_1_1' title="bbox 433 453 1278 552">
     <span class='ocr_line' id='line_1_1' title="bbox 433 453 1278 552; baseline 0 -24"><span class='ocrx_word' id='word_1_1' title='bbox 433 477 502 552; x_wconf 84' lang='lat'>312</span> <span class='ocrx_word' id='word_1_2' title='bbox 792 454 972 528; x_wconf 89' lang='lat' dir='ltr'><strong>DOVER</strong></span> <span class='ocrx_word' id='word_1_3' title='bbox 999 453 1278 528; x_wconf 89' lang='lat' dir='ltr'><strong>CHARTERS</strong></span> 
     </span>
    </p>
   </div>
   <div class='ocr_carea' id='block_1_2' title="bbox 428 655 1650 4498">
    <p class='ocr_par' dir='ltr' id='par_1_2' title="bbox 428 655 1650 4498">
     <span class='ocr_line' id='line_1_2' title="bbox 428 655 1639 756; baseline 0 -24"><span class='ocrx_word' id='word_1_4' title='bbox 428 674 491 733; x_wconf 92' lang='lat' dir='ltr'>aut</span> <span class='ocrx_word' id='word_1_5' title='bbox 504 657 641 732; x_wconf 89' lang='lat' dir='ltr'>illicitas</span> <span class='ocrx_word' id='word_1_6' title='bbox 653 657 853 756; x_wconf 74' lang='lat' dir='ltr'>emptiones</span> <span class='ocrx_word' id='word_1_7' title='bbox 866 681 928 730; x_wconf 90' lang='lat' dir='ltr'>seu</span> <span class='ocrx_word' id='word_1_8' title='bbox 940 655 1166 730; x_wconf 86' lang='lat' dir='ltr'>vendiciones</span> <span class='ocrx_word' id='word_1_9' title='bbox 1179 671 1319 731; x_wconf 88' lang='lat' dir='ltr'>utentes</span> <span class='ocrx_word' id='word_1_10' title='bbox 1332 672 1492 756; x_wconf 89' lang='lat' dir='ltr'>tempore</span> <span class='ocrx_word' id='word_1_11' title='bbox 1505 675 1639 748; x_wconf 89' lang='lat' dir='ltr'>nostro,</span> 
     </span>
     <span class='ocr_line' id='line_1_3' title="bbox 429 759 1641 860; baseline 0 -26"><span class='ocrx_word' id='word_1_12' title='bbox 429 775 492 834; x_wconf 90' lang='lat' dir='ltr'>aut</span> <span class='ocrx_word' id='word_1_13' title='bbox 513 775 674 858; x_wconf 88' lang='lat' dir='ltr'>tempore</span> <span class='ocrx_word' id='word_1_14' title='bbox 695 759 844 860; x_wconf 85' lang='lat' dir='ltr'>alicujus</span> <span class='ocrx_word' id='word_1_15' title='bbox 869 759 1140 858; x_wconf 85' lang='lat' dir='ltr'>progenitorum</span> <span class='ocrx_word' id='word_1_16' title='bbox 1165 759 1238 832; x_wconf 88' lang='lat' dir='ltr'>sive</span> <span class='ocrx_word' id='word_1_17' title='bbox 1255 759 1541 857; x_wconf 75' lang='lat' dir='ltr'>predecessorum</span> <span class='ocrx_word' id='word_1_18' title='bbox 1559 785 1641 834; x_wconf 86' lang='lat' dir='ltr'>nos-</span> 
     </span>
     <span class='ocr_line' id='line_1_4' title="bbox 430 859 1636 960; baseline -0.001 -25"><span class='ocrx_word' id='word_1_19' title='bbox 430 878 583 950; x_wconf 87' lang='lat' dir='ltr'>trorum,</span> <span class='ocrx_word' id='word_1_20' title='bbox 601 859 794 960; x_wconf 90' lang='lat' dir='ltr'>quondam,</span> <span class='ocrx_word' id='word_1_21' title='bbox 812 875 875 933; x_wconf 94' lang='lat' dir='ltr'>aut</span> <span class='ocrx_word' id='word_1_22' title='bbox 895 883 1007 958; x_wconf 85' lang='lat' dir='ltr'>nuper</span> <span class='ocrx_word' id='word_1_23' title='bbox 1022 859 1162 958; x_wconf 85' lang='lat' dir='ltr'>Regum</span> <span class='ocrx_word' id='word_1_24' title='bbox 1175 861 1319 960; x_wconf 83' lang='lat' dir='ltr'>Anglie,</span> <span class='ocrx_word' id='word_1_25' title='bbox 1336 877 1418 934; x_wconf 91' lang='lat' dir='ltr'>ante</span> <span class='ocrx_word' id='word_1_26' title='bbox 1435 862 1636 959; x_wconf 88' lang='lat' dir='ltr'>predictum</span> 
     </span>
     <span class='ocr_line' id='line_1_5' title="bbox 430 959 1638 1060; baseline 0 -25"><span class='ocrx_word' id='word_1_27' title='bbox 430 961 636 1036; x_wconf 86' lang='lat' dir='ltr'>vicesimum</span> <span class='ocrx_word' id='word_1_28' title='bbox 653 961 803 1034; x_wconf 90' lang='lat' dir='ltr'>tercium</span> <span class='ocrx_word' id='word_1_29' title='bbox 821 961 916 1034; x_wconf 92' lang='lat' dir='ltr'>diem</span> <span class='ocrx_word' id='word_1_30' title='bbox 937 959 1085 1059; x_wconf 83' lang='lat' dir='ltr'>Aprilis,</span> <span class='ocrx_word' id='word_1_31' title='bbox 1110 961 1288 1034; x_wconf 88' lang='lat' dir='ltr'>editorum</span> <span class='ocrx_word' id='word_1_32' title='bbox 1309 961 1382 1036; x_wconf 86' lang='lat' dir='ltr'>sive</span> <span class='ocrx_word' id='word_1_33' title='bbox 1400 964 1638 1060; x_wconf 83' lang='lat' dir='ltr'>provisorum,</span> 
     </span>
     <span class='ocr_line' id='line_1_6' title="bbox 430 1060 1639 1164; baseline 0 -29"><span class='ocrx_word' id='word_1_34' title='bbox 430 1063 485 1136; x_wconf 91' lang='lat' dir='ltr'>vel</span> <span class='ocrx_word' id='word_1_35' title='bbox 503 1080 627 1137; x_wconf 88' lang='lat' dir='ltr'>contra</span> <span class='ocrx_word' id='word_1_36' title='bbox 642 1062 757 1163; x_wconf 84' lang='lat' dir='ltr'>legem</span> <span class='ocrx_word' id='word_1_37' title='bbox 775 1078 931 1136; x_wconf 88' lang='lat' dir='ltr'>nostram</span> <span class='ocrx_word' id='word_1_38' title='bbox 948 1060 1091 1160; x_wconf 87' lang='lat' dir='ltr'>Anglie,</span> <span class='ocrx_word' id='word_1_39' title='bbox 1113 1062 1209 1135; x_wconf 91' lang='lat' dir='ltr'>unde</span> <span class='ocrx_word' id='word_1_40' title='bbox 1236 1063 1344 1136; x_wconf 94' lang='lat' dir='ltr'>iidem</span> <span class='ocrx_word' id='word_1_41' title='bbox 1373 1063 1505 1164; x_wconf 89' lang='lat' dir='ltr'>Major,</span> <span class='ocrx_word' id='word_1_42' title='bbox 1532 1063 1639 1136; x_wconf 90' lang='lat' dir='ltr'>Balli-</span> 
     </span>
     <span class='ocr_line' id='line_1_7' title="bbox 431 1162 1639 1262; baseline -0.001 -25"><span class='ocrx_word' id='word_1_43' title='bbox 431 1189 508 1255; x_wconf 90' lang='lat' dir='ltr'>vus,</span> <span class='ocrx_word' id='word_1_44' title='bbox 542 1181 578 1237; x_wconf 88' lang='lat' dir='ltr'>et</span> <span class='ocrx_word' id='word_1_45' title='bbox 613 1162 860 1238; x_wconf 86' lang='lat' dir='ltr'>Communitas</span> <span class='ocrx_word' id='word_1_46' title='bbox 903 1164 1067 1236; x_wconf 84' lang='lat' dir='ltr'>caderent</span> <span class='ocrx_word' id='word_1_47' title='bbox 1109 1179 1171 1236; x_wconf 87' lang='lat' dir='ltr'>aut</span> <span class='ocrx_word' id='word_1_48' title='bbox 1212 1180 1326 1238; x_wconf 88' lang='lat' dir='ltr'>essent</span> <span class='ocrx_word' id='word_1_49' title='bbox 1369 1163 1405 1237; x_wconf 90' lang='lat' dir='ltr'>in</span> <span class='ocrx_word' id='word_1_50' title='bbox 1450 1165 1639 1262; x_wconf 83' lang='lat' dir='ltr'>punitione</span> 
     </span>
     <span class='ocr_line' id='line_1_8' title="bbox 431 1262 1641 1365; baseline -0.002 -25"><span class='ocrx_word' id='word_1_51' title='bbox 431 1266 607 1340; x_wconf 90' lang='lat' dir='ltr'>demando</span> <span class='ocrx_word' id='word_1_52' title='bbox 631 1263 859 1340; x_wconf 87' lang='lat' dir='ltr'>forisfactura</span> <span class='ocrx_word' id='word_1_53' title='bbox 882 1281 943 1338; x_wconf 86' lang='lat' dir='ltr'>aut</span> <span class='ocrx_word' id='word_1_54' title='bbox 968 1262 1155 1362; x_wconf 90' lang='lat' dir='ltr'>deperdito</span> <span class='ocrx_word' id='word_1_55' title='bbox 1179 1263 1326 1365; x_wconf 86' lang='lat' dir='ltr'>alicujus</span> <span class='ocrx_word' id='word_1_56' title='bbox 1350 1289 1486 1338; x_wconf 91' lang='lat' dir='ltr'>summe</span> <span class='ocrx_word' id='word_1_57' title='bbox 1505 1266 1561 1338; x_wconf 89' lang='lat' dir='ltr'>vel</span> <span class='ocrx_word' id='word_1_58' title='bbox 1577 1265 1641 1338; x_wconf 85' lang='lat' dir='ltr'>ali-</span> 
     </span>
     <span class='ocr_line' id='line_1_9' title="bbox 431 1363 1641 1466; baseline 0.001 -27"><span class='ocrx_word' id='word_1_59' title='bbox 431 1391 581 1466; x_wconf 85' lang='lat' dir='ltr'>quarum</span> <span class='ocrx_word' id='word_1_60' title='bbox 608 1391 842 1455; x_wconf 88' lang='lat' dir='ltr'>summarum,</span> <span class='ocrx_word' id='word_1_61' title='bbox 868 1367 942 1440; x_wconf 87' lang='lat' dir='ltr'>sive</span> <span class='ocrx_word' id='word_1_62' title='bbox 968 1366 1005 1438; x_wconf 87' lang='lat' dir='ltr'>in</span> <span class='ocrx_word' id='word_1_63' title='bbox 1032 1363 1254 1438; x_wconf 84' lang='lat' dir='ltr'>forisfactura</span> <span class='ocrx_word' id='word_1_64' title='bbox 1281 1365 1458 1439; x_wconf 88' lang='lat' dir='ltr'>bonorum</span> <span class='ocrx_word' id='word_1_65' title='bbox 1484 1382 1520 1440; x_wconf 95' lang='lat' dir='ltr'>et</span> <span class='ocrx_word' id='word_1_66' title='bbox 1537 1367 1641 1440; x_wconf 87' lang='lat' dir='ltr'>catal-</span> 
     </span>
     <span class='ocr_line' id='line_1_10' title="bbox 430 1466 1641 1556; baseline 0 -16"><span class='ocrx_word' id='word_1_67' title='bbox 430 1469 551 1541; x_wconf 89' lang='lat' dir='ltr'>lorum</span> <span class='ocrx_word' id='word_1_68' title='bbox 577 1493 695 1542; x_wconf 86' lang='lat' dir='ltr'>rerum</span> <span class='ocrx_word' id='word_1_69' title='bbox 722 1484 758 1541; x_wconf 92' lang='lat' dir='ltr'>et</span> <span class='ocrx_word' id='word_1_70' title='bbox 786 1467 1081 1540; x_wconf 83' lang='lat' dir='ltr'>mercandisarum</span> <span class='ocrx_word' id='word_1_71' title='bbox 1107 1491 1262 1556; x_wconf 92' lang='lat' dir='ltr'>suarum,</span> <span class='ocrx_word' id='word_1_72' title='bbox 1287 1466 1342 1540; x_wconf 92' lang='lat' dir='ltr'>vel</span> <span class='ocrx_word' id='word_1_73' title='bbox 1360 1467 1495 1541; x_wconf 74' lang='lat' dir='ltr'>valores</span> <span class='ocrx_word' id='word_1_74' title='bbox 1510 1492 1641 1542; x_wconf 91' lang='lat' dir='ltr'>eorun-</span> 
     </span>
     <span class='ocr_line' id='line_1_11' title="bbox 431 1567 1641 1670; baseline 0.001 -28"><span class='ocrx_word' id='word_1_75' title='bbox 431 1570 525 1658; x_wconf 86' lang='lat' dir='ltr'>dem,</span> <span class='ocrx_word' id='word_1_76' title='bbox 555 1594 615 1641; x_wconf 90' lang='lat' dir='ltr'>seu</span> <span class='ocrx_word' id='word_1_77' title='bbox 645 1569 792 1670; x_wconf 87' lang='lat' dir='ltr'>alicujus</span> <span class='ocrx_word' id='word_1_78' title='bbox 822 1569 970 1667; x_wconf 90' lang='lat' dir='ltr'>parcelle</span> <span class='ocrx_word' id='word_1_79' title='bbox 1000 1568 1218 1641; x_wconf 88' lang='lat' dir='ltr'>eorundem:</span> <span class='ocrx_word' id='word_1_80' title='bbox 1247 1567 1397 1642; x_wconf 85' lang='lat' dir='ltr'>Necnon</span> <span class='ocrx_word' id='word_1_81' title='bbox 1420 1569 1641 1643; x_wconf 84' lang='lat' dir='ltr'>omnimodas</span> 
     </span>
     <span class='ocr_line' id='line_1_12' title="bbox 432 1666 1643 1769; baseline -0.001 -26"><span class='ocrx_word' id='word_1_82' title='bbox 432 1669 735 1769; x_wconf 82' lang='lat' dir='ltr'>transgressiones,</span> <span class='ocrx_word' id='word_1_83' title='bbox 753 1669 974 1757; x_wconf 91' lang='lat' dir='ltr'>omissiones,</span> <span class='ocrx_word' id='word_1_84' title='bbox 992 1666 1245 1756; x_wconf 86' lang='lat' dir='ltr'>forisfacturas,</span> <span class='ocrx_word' id='word_1_85' title='bbox 1269 1671 1539 1759; x_wconf 87' lang='lat' dir='ltr'>concelamenta,</span> <span class='ocrx_word' id='word_1_86' title='bbox 1563 1696 1643 1744; x_wconf 89' lang='lat' dir='ltr'>cus-</span> 
     </span>
     <span class='ocr_line' id='line_1_13' title="bbox 432 1769 1639 1870; baseline 0.001 -26"><span class='ocrx_word' id='word_1_87' title='bbox 432 1787 560 1862; x_wconf 77' lang='lat' dir='ltr'>tumes,</span> <span class='ocrx_word' id='word_1_88' title='bbox 587 1787 623 1844; x_wconf 92' lang='lat' dir='ltr'>et</span> <span class='ocrx_word' id='word_1_89' title='bbox 648 1771 802 1844; x_wconf 89' lang='lat' dir='ltr'>subsidia</span> <span class='ocrx_word' id='word_1_90' title='bbox 827 1769 1095 1860; x_wconf 87' lang='lat' dir='ltr'>subtracciones,</span> <span class='ocrx_word' id='word_1_91' title='bbox 1121 1787 1157 1844; x_wconf 96' lang='lat' dir='ltr'>et</span> <span class='ocrx_word' id='word_1_92' title='bbox 1183 1771 1406 1870; x_wconf 83' lang='lat' dir='ltr'>cogniciones</span> <span class='ocrx_word' id='word_1_93' title='bbox 1422 1772 1639 1846; x_wconf 88' lang='lat' dir='ltr'>eorundem:</span> 
     </span>
     <span class='ocr_line' id='line_1_14' title="bbox 433 1871 1643 1973; baseline 0 -29"><span class='ocrx_word' id='word_1_94' title='bbox 433 1874 490 1944; x_wconf 91' lang='lat' dir='ltr'>Ac</span> <span class='ocrx_word' id='word_1_95' title='bbox 505 1871 679 1946; x_wconf 90' lang='lat' dir='ltr'>indebitas</span> <span class='ocrx_word' id='word_1_96' title='bbox 696 1872 842 1973; x_wconf 89' lang='lat' dir='ltr'>injustas</span> <span class='ocrx_word' id='word_1_97' title='bbox 859 1871 1069 1945; x_wconf 81' lang='lat' dir='ltr'>intraciones</span> <span class='ocrx_word' id='word_1_98' title='bbox 1096 1873 1391 1946; x_wconf 89' lang='lat' dir='ltr'>mercandisarum</span> <span class='ocrx_word' id='word_1_99' title='bbox 1418 1872 1643 1946; x_wconf 89' lang='lat' dir='ltr'>mercimoni-</span> 
     </span>
     <span class='ocr_line' id='line_1_15' title="bbox 433 1973 1643 2072; baseline 0.002 -26"><span class='ocrx_word' id='word_1_100' title='bbox 433 1997 537 2046; x_wconf 91' lang='lat' dir='ltr'>orum</span> <span class='ocrx_word' id='word_1_101' title='bbox 553 1988 590 2045; x_wconf 94' lang='lat' dir='ltr'>et</span> <span class='ocrx_word' id='word_1_102' title='bbox 619 1973 663 2047; x_wconf 86' lang='lat' dir='ltr'>ali</span> <span class='ocrx_word' id='word_1_103' title='bbox 690 1997 815 2046; x_wconf 91' lang='lat' dir='ltr'>uarum</span> <span class='ocrx_word' id='word_1_104' title='bbox 842 1997 961 2046; x_wconf 90' lang='lat' dir='ltr'>rerum</span> <span class='ocrx_word' id='word_1_105' title='bbox 987 1997 1295 2072; x_wconf 88' lang='lat' dir='ltr'>quarumcumque</span> <span class='ocrx_word' id='word_1_106' title='bbox 1321 1974 1358 2046; x_wconf 91' lang='lat' dir='ltr'>in</span> <span class='ocrx_word' id='word_1_107' title='bbox 1386 1973 1484 2047; x_wconf 90' lang='lat' dir='ltr'>libris</span> <span class='ocrx_word' id='word_1_108' title='bbox 1512 1973 1643 2048; x_wconf 92' lang='lat' dir='ltr'>Custo-</span> 
     </span>
     <span class='ocr_line' id='line_1_16' title="bbox 433 1997 1643 2176; baseline 0.002 -30"><span class='ocrx_word' id='word_1_109' title='bbox 433 2073 533 2146; x_wconf 92' lang='lat' dir='ltr'>marii</span> <span class='ocrx_word' id='word_1_110' title='bbox 563 2097 624 2145; x_wconf 91' lang='lat' dir='ltr'>seu</span> <span class='ocrx_word' id='word_1_111' title='bbox 653 1997 805 2146; x_wconf 70' lang='lat' dir='ltr'>diorum</span> <span class='ocrx_word' id='word_1_112' title='bbox 835 2073 1098 2147; x_wconf 85' lang='lat' dir='ltr'>Officiariorum</span> <span class='ocrx_word' id='word_1_113' title='bbox 1137 2091 1353 2166; x_wconf 88' lang='lat' dir='ltr'>nostrorum,</span> <span class='ocrx_word' id='word_1_114' title='bbox 1386 2099 1448 2148; x_wconf 92' lang='lat' dir='ltr'>seu</span> <span class='ocrx_word' id='word_1_115' title='bbox 1477 2075 1643 2176; x_wconf 85' lang='lat' dir='ltr'>progeni-</span> 
     </span>
     <span class='ocr_line' id='line_1_17' title="bbox 435 2173 1643 2266; baseline 0.002 -20"><span class='ocrx_word' id='word_1_116' title='bbox 435 2191 557 2247; x_wconf 87' lang='lat' dir='ltr'>torum</span> <span class='ocrx_word' id='word_1_117' title='bbox 588 2191 804 2262; x_wconf 89' lang='lat' dir='ltr'>nostrorum,</span> <span class='ocrx_word' id='word_1_118' title='bbox 834 2199 873 2246; x_wconf 91' lang='lat' dir='ltr'>ac</span> <span class='ocrx_word' id='word_1_119' title='bbox 902 2173 1193 2249; x_wconf 90' lang='lat' dir='ltr'>imbesillaciones</span> <span class='ocrx_word' id='word_1_120' title='bbox 1224 2177 1429 2266; x_wconf 87' lang='lat' dir='ltr'>eorundem,</span> <span class='ocrx_word' id='word_1_121' title='bbox 1459 2192 1495 2250; x_wconf 95' lang='lat' dir='ltr'>et</span> <span class='ocrx_word' id='word_1_122' title='bbox 1525 2201 1643 2250; x_wconf 91' lang='lat' dir='ltr'>rerum</span> 
     </span>
     <span class='ocr_line' id='line_1_18' title="bbox 435 2272 1644 2375; baseline 0.001 -26"><span class='ocrx_word' id='word_1_123' title='bbox 435 2272 736 2349; x_wconf 86' lang='lat' dir='ltr'>forisfacturarum</span> <span class='ocrx_word' id='word_1_124' title='bbox 770 2299 1073 2374; x_wconf 87' lang='lat' dir='ltr'>quarumcumque</span> <span class='ocrx_word' id='word_1_125' title='bbox 1106 2277 1242 2350; x_wconf 91' lang='lat' dir='ltr'>ratione</span> <span class='ocrx_word' id='word_1_126' title='bbox 1286 2277 1549 2375; x_wconf 86' lang='lat' dir='ltr'>premissorum,</span> <span class='ocrx_word' id='word_1_127' title='bbox 1582 2301 1644 2350; x_wconf 89' lang='lat' dir='ltr'>seu</span> 
     </span>
     <span class='ocr_line' id='line_1_19' title="bbox 436 2376 1643 2479; baseline 0 -29"><span class='ocrx_word' id='word_1_128' title='bbox 436 2401 559 2452; x_wconf 89' lang='lat' dir='ltr'>eorum</span> <span class='ocrx_word' id='word_1_129' title='bbox 587 2376 747 2478; x_wconf 85' lang='lat' dir='ltr'>alicujus,</span> <span class='ocrx_word' id='word_1_130' title='bbox 777 2391 858 2449; x_wconf 85' lang='lat' dir='ltr'>ante</span> <span class='ocrx_word' id='word_1_131' title='bbox 887 2377 1042 2450; x_wconf 87' lang='lat' dir='ltr'>eundem</span> <span class='ocrx_word' id='word_1_132' title='bbox 1071 2377 1178 2467; x_wconf 90' lang='lat' dir='ltr'>diem,</span> <span class='ocrx_word' id='word_1_133' title='bbox 1218 2401 1280 2476; x_wconf 89' lang='lat' dir='ltr'>per</span> <span class='ocrx_word' id='word_1_134' title='bbox 1316 2376 1413 2476; x_wconf 88' lang='lat' dir='ltr'>ipsos</span> <span class='ocrx_word' id='word_1_135' title='bbox 1452 2377 1643 2479; x_wconf 87' lang='lat' dir='ltr'>Majorem,</span> 
     </span>
     <span class='ocr_line' id='line_1_20' title="bbox 436 2475 1645 2577; baseline 0.001 -26"><span class='ocrx_word' id='word_1_136' title='bbox 436 2476 623 2567; x_wconf 85' lang='lat' dir='ltr'>Ballivum‚</span> <span class='ocrx_word' id='word_1_137' title='bbox 641 2494 677 2552; x_wconf 89' lang='lat' dir='ltr'>et</span> <span class='ocrx_word' id='word_1_138' title='bbox 694 2476 998 2551; x_wconf 86' lang='lat' dir='ltr'>Communitatem</span> <span class='ocrx_word' id='word_1_139' title='bbox 1011 2475 1102 2550; x_wconf 86' lang='lat' dir='ltr'>facta</span> <span class='ocrx_word' id='word_1_140' title='bbox 1115 2478 1187 2551; x_wconf 92' lang='lat' dir='ltr'>sive</span> <span class='ocrx_word' id='word_1_141' title='bbox 1201 2494 1409 2577; x_wconf 84' lang='lat' dir='ltr'>perpetrata.</span> <span class='ocrx_word' id='word_1_142' title='bbox 1462 2479 1645 2552; x_wconf 76' lang='lat' dir='ltr'>Psuoou-</span> 
     </span>
     <span class='ocr_line' id='line_1_21' title="bbox 439 2578 1646 2678; baseline 0 -26"><span class='ocrx_word' id='word_1_143' title='bbox 439 2603 588 2652; x_wconf 74' lang='lat' dir='ltr'>nvrnus</span> <span class='ocrx_word' id='word_1_144' title='bbox 618 2579 729 2652; x_wconf 90' lang='lat' dir='ltr'>eciam</span> <span class='ocrx_word' id='word_1_145' title='bbox 755 2578 956 2652; x_wconf 86' lang='lat' dir='ltr'>remisimus</span> <span class='ocrx_word' id='word_1_146' title='bbox 983 2594 1020 2650; x_wconf 89' lang='lat' dir='ltr'>et</span> <span class='ocrx_word' id='word_1_147' title='bbox 1049 2579 1291 2668; x_wconf 81' lang='lat' dir='ltr'>relaxavimus,</span> <span class='ocrx_word' id='word_1_148' title='bbox 1308 2605 1348 2652; x_wconf 85' lang='lat' dir='ltr'>ac</span> <span class='ocrx_word' id='word_1_149' title='bbox 1377 2605 1439 2678; x_wconf 94' lang='lat' dir='ltr'>per</span> <span class='ocrx_word' id='word_1_150' title='bbox 1469 2596 1646 2678; x_wconf 89' lang='lat' dir='ltr'>presentes</span> 
     </span>
     <span class='ocr_line' id='line_1_22' title="bbox 437 2678 1645 2782; baseline 0 -30"><span class='ocrx_word' id='word_1_151' title='bbox 437 2680 685 2778; x_wconf 84' lang='lat' dir='ltr'>perdonamus,</span> <span class='ocrx_word' id='word_1_152' title='bbox 729 2678 956 2769; x_wconf 86' lang='lat' dir='ltr'>remittimus,</span> <span class='ocrx_word' id='word_1_153' title='bbox 998 2695 1034 2752; x_wconf 90' lang='lat' dir='ltr'>et</span> <span class='ocrx_word' id='word_1_154' title='bbox 1076 2680 1280 2770; x_wconf 85' lang='lat' dir='ltr'>relaxamus,</span> <span class='ocrx_word' id='word_1_155' title='bbox 1325 2681 1456 2754; x_wconf 89' lang='lat' dir='ltr'>eisdem</span> <span class='ocrx_word' id='word_1_156' title='bbox 1501 2681 1645 2782; x_wconf 88' lang='lat' dir='ltr'>Majori,</span> 
     </span>
     <span class='ocr_line' id='line_1_23' title="bbox 439 2779 1647 2871; baseline 0 -17"><span class='ocrx_word' id='word_1_157' title='bbox 439 2780 588 2871; x_wconf 89' lang='lat' dir='ltr'>Ballivo,</span> <span class='ocrx_word' id='word_1_158' title='bbox 612 2798 647 2855; x_wconf 91' lang='lat' dir='ltr'>et</span> <span class='ocrx_word' id='word_1_159' title='bbox 675 2780 945 2869; x_wconf 87' lang='lat' dir='ltr'>Communitati,</span> <span class='ocrx_word' id='word_1_160' title='bbox 971 2780 1194 2854; x_wconf 89' lang='lat' dir='ltr'>omnimodas</span> <span class='ocrx_word' id='word_1_161' title='bbox 1210 2779 1459 2868; x_wconf 74' lang='lat' dir='ltr'>forisfacturas,</span> <span class='ocrx_word' id='word_1_162' title='bbox 1477 2781 1595 2856; x_wconf 91' lang='lat' dir='ltr'>debita</span> <span class='ocrx_word' id='word_1_163' title='bbox 1611 2798 1647 2855; x_wconf 96' lang='lat' dir='ltr'>et</span> 
     </span>
     <span class='ocr_line' id='line_1_24' title="bbox 437 2880 1648 2980; baseline 0 -24"><span class='ocrx_word' id='word_1_164' title='bbox 437 2881 611 2956; x_wconf 85' lang='lat' dir='ltr'>demanda</span> <span class='ocrx_word' id='word_1_165' title='bbox 638 2882 742 2956; x_wconf 91' lang='lat' dir='ltr'>nobis</span> <span class='ocrx_word' id='word_1_166' title='bbox 768 2882 887 2957; x_wconf 88' lang='lat' dir='ltr'>debita</span> <span class='ocrx_word' id='word_1_167' title='bbox 908 2880 1121 2980; x_wconf 86' lang='lat' dir='ltr'>pertinentia</span> <span class='ocrx_word' id='word_1_168' title='bbox 1141 2905 1202 2954; x_wconf 90' lang='lat' dir='ltr'>seu</span> <span class='ocrx_word' id='word_1_169' title='bbox 1224 2883 1417 2980; x_wconf 85' lang='lat' dir='ltr'>spectantia</span> <span class='ocrx_word' id='word_1_170' title='bbox 1433 2884 1568 2956; x_wconf 85' lang='lat' dir='ltr'>ratione</span> <span class='ocrx_word' id='word_1_171' title='bbox 1584 2882 1648 2956; x_wconf 81' lang='lat' dir='ltr'>ali-</span> 
     </span>
     <span class='ocr_line' id='line_1_25' title="bbox 439 2982 1646 3085; baseline 0 -29"><span class='ocrx_word' id='word_1_172' title='bbox 439 3007 593 3082; x_wconf 83' lang='lat' dir='ltr'>quarum</span> <span class='ocrx_word' id='word_1_173' title='bbox 634 2983 934 3085; x_wconf 86' lang='lat' dir='ltr'>recognicionum,</span> <span class='ocrx_word' id='word_1_174' title='bbox 977 2982 1273 3080; x_wconf 87' lang='lat' dir='ltr'>assumpcionum,</span> <span class='ocrx_word' id='word_1_175' title='bbox 1316 2983 1646 3083; x_wconf 86' lang='lat' dir='ltr'>manucapcionum,</span> 
     </span>
     <span class='ocr_line' id='line_1_26' title="bbox 440 3083 1646 3183; baseline 0.001 -28"><span class='ocrx_word' id='word_1_176' title='bbox 440 3083 735 3158; x_wconf 89' lang='lat' dir='ltr'>immunicionum</span> <span class='ocrx_word' id='word_1_177' title='bbox 779 3085 994 3182; x_wconf 88' lang='lat' dir='ltr'>scriptorum</span> <span class='ocrx_word' id='word_1_178' title='bbox 1041 3083 1345 3183; x_wconf 82' lang='lat' dir='ltr'>obligatoriorum,</span> <span class='ocrx_word' id='word_1_179' title='bbox 1389 3100 1451 3158; x_wconf 91' lang='lat' dir='ltr'>aut</span> <span class='ocrx_word' id='word_1_180' title='bbox 1496 3085 1646 3159; x_wconf 87' lang='lat' dir='ltr'>aliorum</span> 
     </span>
     <span class='ocr_line' id='line_1_27' title="bbox 438 3183 1648 3284; baseline 0.002 -28"><span class='ocrx_word' id='word_1_181' title='bbox 438 3185 653 3284; x_wconf 90' lang='lat' dir='ltr'>scriptorum</span> <span class='ocrx_word' id='word_1_182' title='bbox 680 3209 999 3284; x_wconf 90' lang='lat' dir='ltr'>quorumcumque,</span> <span class='ocrx_word' id='word_1_183' title='bbox 1030 3183 1143 3274; x_wconf 89' lang='lat' dir='ltr'>nobis,</span> <span class='ocrx_word' id='word_1_184' title='bbox 1169 3201 1231 3259; x_wconf 90' lang='lat' dir='ltr'>aut</span> <span class='ocrx_word' id='word_1_185' title='bbox 1258 3210 1323 3283; x_wconf 91' lang='lat' dir='ltr'>pro</span> <span class='ocrx_word' id='word_1_186' title='bbox 1348 3184 1544 3260; x_wconf 86' lang='lat' dir='ltr'>enitoribus</span> <span class='ocrx_word' id='word_1_187' title='bbox 1566 3211 1648 3258; x_wconf 90' lang='lat' dir='ltr'>nos·</span> 
     </span>
     <span class='ocr_line' id='line_1_28' title="bbox 439 3211 1647 3386; baseline 0 -26"><span class='ocrx_word' id='word_1_188' title='bbox 439 3286 515 3375; x_wconf 89' lang='lat' dir='ltr'>tris,</span> <span class='ocrx_word' id='word_1_189' title='bbox 533 3287 590 3359; x_wconf 89' lang='lat' dir='ltr'>vel</span> <span class='ocrx_word' id='word_1_190' title='bbox 619 3284 721 3359; x_wconf 87' lang='lat' dir='ltr'>alicui</span> <span class='ocrx_word' id='word_1_191' title='bbox 752 3284 809 3358; x_wconf 87' lang='lat' dir='ltr'>alii</span> <span class='ocrx_word' id='word_1_192' title='bbox 837 3310 996 3384; x_wconf 87' lang='lat' dir='ltr'>persone,</span> <span class='ocrx_word' id='word_1_193' title='bbox 1022 3309 1085 3360; x_wconf 90' lang='lat' dir='ltr'>seu</span> <span class='ocrx_word' id='word_1_194' title='bbox 1110 3286 1285 3385; x_wconf 90' lang='lat' dir='ltr'>aliquibus</span> <span class='ocrx_word' id='word_1_195' title='bbox 1312 3211 1390 3361; x_wconf 68' lang='lat' dir='ltr'>aliis</span> <span class='ocrx_word' id='word_1_196' title='bbox 1416 3287 1585 3386; x_wconf 89' lang='lat' dir='ltr'>personis,</span> <span class='ocrx_word' id='word_1_197' title='bbox 1603 3287 1647 3360; x_wconf 84' lang='lat' dir='ltr'>sd</span> 
     </span>
     <span class='ocr_line' id='line_1_29' title="bbox 442 3386 1649 3488; baseline 0.001 -29"><span class='ocrx_word' id='word_1_198' title='bbox 442 3411 547 3460; x_wconf 90' lang='lat' dir='ltr'>usum</span> <span class='ocrx_word' id='word_1_199' title='bbox 566 3403 740 3475; x_wconf 89' lang='lat' dir='ltr'>nostrum,</span> <span class='ocrx_word' id='word_1_200' title='bbox 768 3387 823 3461; x_wconf 86' lang='lat' dir='ltr'>vel</span> <span class='ocrx_word' id='word_1_201' title='bbox 852 3387 896 3462; x_wconf 84' lang='lat' dir='ltr'>ad</span> <span class='ocrx_word' id='word_1_202' title='bbox 923 3411 1029 3460; x_wconf 91' lang='lat' dir='ltr'>usum</span> <span class='ocrx_word' id='word_1_203' title='bbox 1059 3386 1204 3488; x_wconf 86' lang='lat' dir='ltr'>alicujus</span> <span class='ocrx_word' id='word_1_204' title='bbox 1221 3386 1489 3486; x_wconf 84' lang='lat' dir='ltr'>progenitorum</span> <span class='ocrx_word' id='word_1_205' title='bbox 1509 3405 1649 3461; x_wconf 89' lang='lat' dir='ltr'>nostro·</span> 
     </span>
     <span class='ocr_line' id='line_1_30' title="bbox 439 3487 1648 3588; baseline -0.001 -27"><span class='ocrx_word' id='word_1_206' title='bbox 439 3513 532 3576; x_wconf 90' lang='lat' dir='ltr'>rum,</span> <span class='ocrx_word' id='word_1_207' title='bbox 560 3503 642 3561; x_wconf 88' lang='lat' dir='ltr'>ante</span> <span class='ocrx_word' id='word_1_208' title='bbox 667 3487 867 3585; x_wconf 89' lang='lat' dir='ltr'>predictum</span> <span class='ocrx_word' id='word_1_209' title='bbox 895 3487 1102 3562; x_wconf 85' lang='lat' dir='ltr'>vicesimum</span> <span class='ocrx_word' id='word_1_210' title='bbox 1122 3487 1271 3562; x_wconf 90' lang='lat' dir='ltr'>tercium</span> <span class='ocrx_word' id='word_1_211' title='bbox 1289 3489 1385 3562; x_wconf 91' lang='lat' dir='ltr'>diem</span> <span class='ocrx_word' id='word_1_212' title='bbox 1411 3488 1559 3588; x_wconf 90' lang='lat' dir='ltr'>Aprilis,</span> <span class='ocrx_word' id='word_1_213' title='bbox 1576 3487 1648 3562; x_wconf 88' lang='lat' dir='ltr'>fac-</span> 
     </span>
     <span class='ocr_line' id='line_1_31' title="bbox 440 3588 1647 3691; baseline -0.001 -28"><span class='ocrx_word' id='word_1_214' title='bbox 440 3606 561 3663; x_wconf 88' lang='lat' dir='ltr'>torum</span> <span class='ocrx_word' id='word_1_215' title='bbox 590 3603 627 3661; x_wconf 91' lang='lat' dir='ltr'>et</span> <span class='ocrx_word' id='word_1_216' title='bbox 657 3588 861 3664; x_wconf 86' lang='lat' dir='ltr'>habitorum</span> <span class='ocrx_word' id='word_1_217' title='bbox 892 3614 954 3687; x_wconf 91' lang='lat' dir='ltr'>per</span> <span class='ocrx_word' id='word_1_218' title='bbox 989 3588 1144 3688; x_wconf 86' lang='lat' dir='ltr'>prefatos</span> <span class='ocrx_word' id='word_1_219' title='bbox 1180 3589 1370 3691; x_wconf 89' lang='lat' dir='ltr'>Majorem,</span> <span class='ocrx_word' id='word_1_220' title='bbox 1397 3589 1584 3678; x_wconf 88' lang='lat' dir='ltr'>Ballivum‚</span> <span class='ocrx_word' id='word_1_221' title='bbox 1612 3605 1647 3662; x_wconf 91' lang='lat' dir='ltr'>et</span> 
     </span>
     <span class='ocr_line' id='line_1_32' title="bbox 441 3689 1649 3792; baseline 0.001 -29"><span class='ocrx_word' id='word_1_222' title='bbox 441 3689 746 3764; x_wconf 83' lang='lat' dir='ltr'>communitatem</span> <span class='ocrx_word' id='word_1_223' title='bbox 771 3689 884 3781; x_wconf 88' lang='lat' dir='ltr'>Solos,</span> <span class='ocrx_word' id='word_1_224' title='bbox 903 3689 959 3764; x_wconf 93' lang='lat' dir='ltr'>vel</span> <span class='ocrx_word' id='word_1_225' title='bbox 987 3715 1049 3790; x_wconf 91' lang='lat' dir='ltr'>per</span> <span class='ocrx_word' id='word_1_226' title='bbox 1075 3691 1169 3790; x_wconf 87' lang='lat' dir='ltr'>ipsos</span> <span class='ocrx_word' id='word_1_227' title='bbox 1197 3690 1388 3792; x_wconf 88' lang='lat' dir='ltr'>Majorem,</span> <span class='ocrx_word' id='word_1_228' title='bbox 1407 3690 1595 3780; x_wconf 83' lang='lat' dir='ltr'>Ballivum,</span> <span class='ocrx_word' id='word_1_229' title='bbox 1612 3707 1649 3764; x_wconf 88' lang='lat' dir='ltr'>et</span> 
     </span>
     <span class='ocr_line' id='line_1_33' title="bbox 440 3790 1650 3892; baseline 0.001 -27"><span class='ocrx_word' id='word_1_230' title='bbox 440 3790 747 3866; x_wconf 87' lang='lat' dir='ltr'>Communitatem</span> <span class='ocrx_word' id='word_1_231' title='bbox 771 3791 966 3892; x_wconf 90' lang='lat' dir='ltr'>conjuctim</span> <span class='ocrx_word' id='word_1_232' title='bbox 990 3817 1070 3866; x_wconf 91' lang='lat' dir='ltr'>cum</span> <span class='ocrx_word' id='word_1_233' title='bbox 1097 3791 1172 3864; x_wconf 87' lang='lat' dir='ltr'>aliis</span> <span class='ocrx_word' id='word_1_234' title='bbox 1194 3791 1363 3890; x_wconf 89' lang='lat' dir='ltr'>personis,</span> <span class='ocrx_word' id='word_1_235' title='bbox 1385 3791 1459 3864; x_wconf 86' lang='lat' dir='ltr'>sive</span> <span class='ocrx_word' id='word_1_236' title='bbox 1482 3791 1548 3866; x_wconf 88' lang='lat' dir='ltr'>alia</span> <span class='ocrx_word' id='word_1_237' title='bbox 1571 3817 1650 3892; x_wconf 87' lang='lat' dir='ltr'>per-</span> 
     </span>
     <span class='ocr_line' id='line_1_34' title="bbox 441 3891 1649 3992; baseline 0 -26"><span class='ocrx_word' id='word_1_238' title='bbox 441 3917 538 3984; x_wconf 91' lang='lat' dir='ltr'>sona,</span> <span class='ocrx_word' id='word_1_239' title='bbox 573 3916 640 3989; x_wconf 90' lang='lat' dir='ltr'>pro</span> <span class='ocrx_word' id='word_1_240' title='bbox 673 3917 709 3965; x_wconf 88' lang='lat' dir='ltr'>se</span> <span class='ocrx_word' id='word_1_241' title='bbox 743 3892 838 3992; x_wconf 91' lang='lat' dir='ltr'>ipsis,</span> <span class='ocrx_word' id='word_1_242' title='bbox 873 3891 930 3965; x_wconf 89' lang='lat' dir='ltr'>vel</span> <span class='ocrx_word' id='word_1_243' title='bbox 960 3917 1026 3991; x_wconf 92' lang='lat' dir='ltr'>pro</span> <span class='ocrx_word' id='word_1_244' title='bbox 1055 3892 1172 3992; x_wconf 86' lang='lat' dir='ltr'>aliqua</span> <span class='ocrx_word' id='word_1_245' title='bbox 1199 3893 1267 3966; x_wconf 92' lang='lat' dir='ltr'>alia</span> <span class='ocrx_word' id='word_1_246' title='bbox 1299 3917 1457 3992; x_wconf 80' lang='lat' dir='ltr'>persona,</span> <span class='ocrx_word' id='word_1_247' title='bbox 1491 3893 1549 3968; x_wconf 91' lang='lat' dir='ltr'>vel</span> <span class='ocrx_word' id='word_1_248' title='bbox 1583 3919 1649 3991; x_wconf 91' lang='lat' dir='ltr'>pro</span> 
     </span>
     <span class='ocr_line' id='line_1_35' title="bbox 440 3991 1649 4093; baseline -0.001 -26"><span class='ocrx_word' id='word_1_249' title='bbox 440 3992 616 4093; x_wconf 87' lang='lat' dir='ltr'>aliquibus</span> <span class='ocrx_word' id='word_1_250' title='bbox 642 3991 717 4067; x_wconf 88' lang='lat' dir='ltr'>aliis</span> <span class='ocrx_word' id='word_1_251' title='bbox 744 3992 910 4091; x_wconf 90' lang='lat' dir='ltr'>personis,</span> <span class='ocrx_word' id='word_1_252' title='bbox 930 4008 1070 4066; x_wconf 84' lang='lat' dir='ltr'>tantum</span> <span class='ocrx_word' id='word_1_253' title='bbox 1095 3994 1205 4068; x_wconf 92' lang='lat' dir='ltr'>modo</span> <span class='ocrx_word' id='word_1_254' title='bbox 1230 4019 1297 4093; x_wconf 92' lang='lat' dir='ltr'>pro</span> <span class='ocrx_word' id='word_1_255' title='bbox 1322 4019 1404 4092; x_wconf 86' lang='lat' dir='ltr'>pace</span> <span class='ocrx_word' id='word_1_256' title='bbox 1429 4011 1559 4084; x_wconf 81' lang='lat' dir='ltr'>nostra,</span> <span class='ocrx_word' id='word_1_257' title='bbox 1575 3995 1649 4066; x_wconf 88' lang='lat' dir='ltr'>sive</span> 
     </span>
     <span class='ocr_line' id='line_1_36' title="bbox 440 4094 1649 4195; baseline 0.001 -29"><span class='ocrx_word' id='word_1_258' title='bbox 440 4094 586 4194; x_wconf 90' lang='lat' dir='ltr'>alicujus</span> <span class='ocrx_word' id='word_1_259' title='bbox 621 4095 890 4194; x_wconf 87' lang='lat' dir='ltr'>progenitorum</span> <span class='ocrx_word' id='word_1_260' title='bbox 926 4109 1143 4182; x_wconf 89' lang='lat' dir='ltr'>nostrorum,</span> <span class='ocrx_word' id='word_1_261' title='bbox 1177 4095 1336 4193; x_wconf 85' lang='lat' dir='ltr'>gerend’,</span> <span class='ocrx_word' id='word_1_262' title='bbox 1373 4111 1434 4169; x_wconf 91' lang='lat' dir='ltr'>aut</span> <span class='ocrx_word' id='word_1_263' title='bbox 1467 4121 1533 4195; x_wconf 92' lang='lat' dir='ltr'>pro</span> <span class='ocrx_word' id='word_1_264' title='bbox 1561 4121 1649 4194; x_wconf 87' lang='lat' dir='ltr'>qua-</span> 
     </span>
     <span class='ocr_line' id='line_1_37' title="bbox 441 4193 1650 4296; baseline 0 -28"><span class='ocrx_word' id='word_1_265' title='bbox 441 4220 594 4294; x_wconf 92' lang='lat' dir='ltr'>cumque</span> <span class='ocrx_word' id='word_1_266' title='bbox 620 4197 862 4294; x_wconf 88' lang='lat' dir='ltr'>comparancia</span> <span class='ocrx_word' id='word_1_267' title='bbox 887 4193 1006 4283; x_wconf 88' lang='lat' dir='ltr'>fiend’,</span> <span class='ocrx_word' id='word_1_268' title='bbox 1025 4195 1080 4268; x_wconf 93' lang='lat' dir='ltr'>vel</span> <span class='ocrx_word' id='word_1_269' title='bbox 1108 4219 1173 4292; x_wconf 93' lang='lat' dir='ltr'>pro</span> <span class='ocrx_word' id='word_1_270' title='bbox 1199 4195 1368 4270; x_wconf 86' lang='lat' dir='ltr'>fidelitate</span> <span class='ocrx_word' id='word_1_271' title='bbox 1395 4212 1457 4270; x_wconf 84' lang='lat' dir='ltr'>aut</span> <span class='ocrx_word' id='word_1_272' title='bbox 1480 4221 1546 4296; x_wconf 90' lang='lat' dir='ltr'>pro</span> <span class='ocrx_word' id='word_1_273' title='bbox 1562 4195 1650 4296; x_wconf 83' lang='lat' dir='ltr'>lige-</span> 
     </span>
     <span class='ocr_line' id='line_1_38' title="bbox 442 4295 1650 4397; baseline 0.001 -28"><span class='ocrx_word' id='word_1_274' title='bbox 442 4297 538 4369; x_wconf 90' lang='lat' dir='ltr'>ancia</span> <span class='ocrx_word' id='word_1_275' title='bbox 554 4297 636 4386; x_wconf 90' lang='lat' dir='ltr'>suis,</span> <span class='ocrx_word' id='word_1_276' title='bbox 656 4298 711 4370; x_wconf 86' lang='lat' dir='ltr'>vel</span> <span class='ocrx_word' id='word_1_277' title='bbox 730 4295 897 4397; x_wconf 84' lang='lat' dir='ltr'>ligeancia</span> <span class='ocrx_word' id='word_1_278' title='bbox 913 4295 1060 4397; x_wconf 86' lang='lat' dir='ltr'>alicujus</span> <span class='ocrx_word' id='word_1_279' title='bbox 1082 4295 1226 4372; x_wconf 90' lang='lat' dir='ltr'>alterius</span> <span class='ocrx_word' id='word_1_280' title='bbox 1252 4321 1411 4396; x_wconf 88' lang='lat' dir='ltr'>persone,</span> <span class='ocrx_word' id='word_1_281' title='bbox 1437 4315 1498 4370; x_wconf 88' lang='lat' dir='ltr'>aut</span> <span class='ocrx_word' id='word_1_282' title='bbox 1524 4320 1589 4396; x_wconf 89' lang='lat' dir='ltr'>pro</span> <span class='ocrx_word' id='word_1_283' title='bbox 1613 4321 1650 4369; x_wconf 88' lang='lat' dir='ltr'>se</span> 
     </span>
     <span class='ocr_line' id='line_1_39' title="bbox 444 4395 1649 4498; baseline 0.002 -28"><span class='ocrx_word' id='word_1_284' title='bbox 444 4396 531 4470; x_wconf 90' lang='lat' dir='ltr'>bene</span> <span class='ocrx_word' id='word_1_285' title='bbox 554 4397 711 4498; x_wconf 86' lang='lat' dir='ltr'>gerend’,</span> <span class='ocrx_word' id='word_1_286' title='bbox 738 4415 798 4472; x_wconf 86' lang='lat' dir='ltr'>aut</span> <span class='ocrx_word' id='word_1_287' title='bbox 826 4423 891 4498; x_wconf 90' lang='lat' dir='ltr'>pro</span> <span class='ocrx_word' id='word_1_288' title='bbox 912 4396 1029 4498; x_wconf 85' lang='lat' dir='ltr'>aliqua</span> <span class='ocrx_word' id='word_1_289' title='bbox 1044 4395 1112 4470; x_wconf 88' lang='lat' dir='ltr'>alia</span> <span class='ocrx_word' id='word_1_290' title='bbox 1128 4421 1286 4498; x_wconf 88' lang='lat' dir='ltr'>persona,</span> <span class='ocrx_word' id='word_1_291' title='bbox 1304 4423 1364 4471; x_wconf 87' lang='lat' dir='ltr'>seu</span> <span class='ocrx_word' id='word_1_292' title='bbox 1382 4397 1557 4498; x_wconf 85' lang='lat' dir='ltr'>aliquibus</span> <span class='ocrx_word' id='word_1_293' title='bbox 1574 4396 1649 4472; x_wconf 86' lang='lat' dir='ltr'>aliis</span> 
     </span>
    </p>
   </div>
   <div class='ocr_carea' id='block_1_3' title="bbox 0 0 1892 5304">
    <p class='ocr_par' dir='ltr' id='par_1_3' title="bbox 0 0 1892 5304">
     <span class='ocr_line' id='line_1_40' title="bbox 0 0 1892 5304; baseline 0 0"><span class='ocrx_word' id='word_1_294' title='bbox 0 0 1892 5304; x_wconf 95' lang='lat' dir='ltr'> </span> 
     </span>
    </p>
   </div>
  </div>
 </body>
</html>
