3726 5256
458 465 505 560 9⁶
816 461 993 537 novun
1018 460 1294 538 eumenus

986 760 1135 841 XXX.

762 955 816 1004 xx
837 935 1069 1018 Septembris,
1090 946 1132 1018 45
1153 911 1344 1004 Edwslll.

456 1099 608 1172 Nonum
651 1095 699 1170 sit
740 1091 906 1169 omnibus
956 1116 1018 1210 per
1059 1107 1257 1190 presentem
1300 1092 1524 1170 indenturam
1565 1097 1664 1196 quod

452 1199 632 1293 Johannes
655 1211 728 1272 atte
748 1193 874 1283 Halle,
893 1194 1015 1294 Major
1038 1191 1123 1266 ville
1142 1194 1318 1284 Dovorre,
1344 1212 1380 1269 et
1399 1195 1557 1297 ejusdem
1578 1199 1664 1272 ville

448 1299 559 1402 jurati
593 1323 659 1398 pro
692 1295 844 1372 utilitate
884 1293 1000 1368 tocius
1033 1293 1298 1368 communitatis
1338 1295 1432 1370 dicte
1466 1297 1549 1373 ville
1578 1323 1664 1374 con·

455 1415 633 1476 cesserunt
674 1414 711 1473 ct
752 1395 963 1472 dimiserunt
995 1394 1041 1470 ad
1075 1393 1213 1470 firmam
1247 1395 1380 1471 Simoni
1415 1398 1595 1473 Walmere
1626 1416 1664 1474 et

455 1499 647 1576 Petronille
664 1497 766 1573 uxori
783 1523 844 1572 sue
863 1495 1042 1597 quandam
1059 1511 1188 1570 terram
1205 1494 1384 1597 jacentem
1403 1495 1495 1573 infra
1519 1499 1662 1575 liberta-

454 1619 528 1678 tem
553 1603 647 1680 dicte
673 1601 757 1676 ville
779 1600 816 1672 in
834 1597 1046 1686 Deffwarde,
1065 1596 1157 1670 inter
1179 1611 1308 1671 terram
1334 1597 1487 1673 Comitis
1509 1602 1662 1676 Oxonie’

455 1729 576 1779 versus
593 1703 765 1790 northest,
781 1715 819 1774 et
835 1698 969 1799 regiam
991 1714 1137 1772 stratam
1154 1722 1278 1773 versus
1293 1699 1500 1791 northwest,
1517 1719 1554 1776 et
1571 1703 1663 1778 inter

454 1819 700 1880 tenementum
722 1801 808 1876 dicti
824 1799 976 1875 Simonis
989 1815 1028 1874 et
1049 1814 1179 1874 terram
1195 1800 1366 1894 Johannis
1391 1801 1526 1900 Wylde
1542 1829 1662 1878 versus

454 1907 624 1999 southest,
657 1920 694 1978 et
743 1917 987 1976 tenementum
1028 1899 1115 1974 dicti
1155 1899 1327 1995 Johannis
1368 1901 1501 2004 Wylde
1541 1930 1663 1979 versus

454 2007 658 2095 southwest,
674 2002 890 2105 quequidem
908 2016 1000 2075 terra
1024 2001 1179 2100 pertinet
1193 2000 1239 2076 ad
1258 2001 1562 2079 Communitatem
1579 2006 1663 2080 ville

455 2107 611 2207 predicte
627 2129 694 2223 pro
711 2103 873 2205 pluribus
889 2101 1045 2178 serviciis
1061 2100 1199 2176 domini
1217 2102 1337 2202 Regis,
1353 2119 1390 2178 et
1406 2103 1481 2179 aliis
1496 2107 1663 2181 oneribus

454 2209 537 2284 inde
561 2206 690 2282 debitis
722 2206 769 2279 de
795 2203 942 2278 diversis
966 2202 1187 2301 temporibus
1212 2205 1418 2280 retroactis:
1451 2206 1600 2283 habend’
1626 2225 1662 2282 et

453 2308 596 2384 tenend’
630 2305 823 2407 predictam
856 2319 986 2378 terram
1028 2327 1112 2377 cum
1143 2301 1217 2377 suis
1256 2305 1478 2403 pertinenciis
1519 2307 1663 2407 prefatis

453 2410 586 2484 Simoni
603 2425 639 2482 et
652 2404 844 2482 Petronille
861 2404 965 2479 uxori
982 2429 1054 2494 sue,
1064 2404 1271 2494 heredibus,
1288 2421 1324 2478 et
1337 2431 1462 2482 eorum
1480 2410 1662 2509 assignatis

454 2512 729 2612 imperpetuum,
747 2505 907 2582 ffaciend’
924 2505 1218 2611 indeservicium
1235 2507 1371 2581 domini
1389 2510 1498 2608 Regis
1519 2512 1662 2611 quando

453 2613 610 2687 evenerit
649 2609 845 2685 secundum
895 2606 1187 2681 consuetudinem
1228 2625 1355 2706 portus
1396 2610 1574 2709 prodicti3
1625 2629 1663 2686 et

453 2713 622 2788 reddend’
639 2712 723 2786 inde
738 2709 932 2798 annuatim,
945 2709 990 2782 ad
1006 2704 1138 2781 festum
1156 2707 1297 2798 Pasche,
1314 2711 1561 2786 communitati
1578 2713 1660 2787 ville

454 2817 617 2890 Dovorre
641 2839 702 2888 sex
727 2811 891 2888 denarios
923 2809 1173 2909 sterlingorum
1202 2807 1302 2883 liberi
1335 2811 1496 2886 redditus
1528 2813 1661 2912 imper-

453 2933 612 3017 petuum.
681 2914 731 2988 Et
764 2911 1062 3014 quandocumque
1095 2909 1275 3009 predictus
1308 2914 1466 2986 annualis
1499 2914 1661 2990 redditus

453 3033 571 3092 aretro
596 3014 717 3107 fuerit,
735 3013 773 3088 in
789 3029 887 3113 parte
911 3013 969 3086 vel
994 3012 1031 3084 in
1058 3028 1147 3101 toto,
1162 3010 1250 3085 bene
1274 3011 1379 3087 liceat
1404 3015 1660 3090 successoribus

453 3115 702 3192 communibus
727 3114 821 3188 dicte
851 3112 1117 3188 communitatis
1149 3127 1186 3185 et
1218 3110 1295 3186 aliis
1319 3113 1489 3188 ministris
1517 3117 1589 3189 suis
1622 3117 1660 3189 in

453 3219 609 3317 predicta
633 3233 726 3290 terra
741 3215 963 3314 distringere,
980 3230 1018 3287 et
1041 3211 1279 3287 districtiones
1303 3215 1454 3288 retinere
1476 3241 1660 3317 quousque

453 3321 497 3394 de
514 3318 679 3394 omnibus
695 3316 876 3415 arreragiis
892 3313 1050 3414 ejusdem
1067 3312 1220 3412 plenarie
1236 3312 1345 3386 fuerit
1361 3314 1589 3413 persolutum.

528 3420 571 3493 ln
594 3417 694 3519 cujus
712 3417 763 3490 rei
786 3413 1030 3490 testimonium
1047 3429 1121 3488 tam
1145 3412 1302 3512 sigillum
1322 3415 1514 3516 majoratus
1533 3435 1660 3515 portus

451 3519 602 3621 predicti
643 3542 751 3619 quam
792 3515 949 3618 sigillum
990 3515 1170 3589 dictorum
1203 3513 1355 3589 Simonis
1396 3533 1433 3591 et
1464 3517 1659 3595 Petronille

450 3619 652 3696 alternatim
668 3635 751 3693 sunt
766 3641 926 3718 appensa

527 3725 621 3796 Data
645 3723 810 3794 Dovorre
833 3715 1003 3792 vicesimo
1022 3714 1080 3790 die
1096 3715 1309 3814 Septembris
1331 3741 1424 3792 anno
1443 3721 1543 3821 regni
1567 3724 1659 3822 regis

452 3822 632 3910 Edwardi,
666 3820 765 3896 tercii
808 3834 889 3919 post
931 3832 1163 3918 conquestum
1201 3818 1345 3918 Anglie,
1387 3821 1659 3923 quodragesimo
