3726 5256
474 463 544 516 110
825 439 1000 516 DOVER
1027 438 1304 516 CHARTERS

949 733 1203 816 xxxvi.
1328 681 1329 684 ¹

861 905 1058 990 vjhprtlis,
1082 921 1119 973 11
1143 905 1218 976 Ric
1243 907 1289 975 11.

468 1063 559 1140 Hac
602 1065 792 1141 indentura
833 1076 985 1136 testatur
1020 1062 1120 1163 quod
1151 1061 1332 1157 Johannes
1366 1063 1521 1164 Monyn,
1554 1063 1678 1166 Major

467 1182 593 1265 portus
620 1167 797 1253 Dovorre,
826 1179 862 1236 et
896 1162 1073 1237 Custodes
1101 1163 1260 1264 ejusdem
1296 1179 1432 1265 portus,
1469 1165 1612 1238 nomine
1640 1180 1678 1238 et

467 1291 640 1340 concensu
668 1266 785 1341 tocius
815 1263 1090 1338 Communitatis
1122 1263 1255 1339 ibidem
1285 1282 1532 1340 concesserunt
1557 1281 1593 1339 et
1630 1266 1675 1339 ad

467 1367 563 1442 feodi
580 1367 719 1442 firmam
735 1365 947 1439 dimiserunt
964 1365 1109 1439 Thome
1125 1365 1223 1440 Piers
1239 1380 1275 1440 et
1292 1365 1451 1456 lsabclle,
1475 1365 1577 1440 uxori
1603 1392 1676 1456 sue,

467 1494 574 1542 unam
612 1483 742 1543 terram
779 1490 926 1542 vacuam
959 1464 1137 1566 jacentem
1172 1465 1266 1540 infra
1297 1466 1515 1542 Libertatem
1543 1468 1676 1542 Portus

467 1573 632 1644 Dovorre
665 1569 703 1642 in
737 1566 1018 1656 Nicholewarde,
1051 1567 1143 1640 inter
1173 1581 1302 1640 terram
1342 1568 1484 1642 Rioardi
1524 1568 1675 1668 Magote

468 1695 589 1744 versus
627 1668 787 1744 northest
823 1683 861 1741 et
899 1666 1103 1757 northwest,
1138 1683 1175 1740 et
1213 1665 1383 1741 fallaciam
1417 1669 1525 1742 maris
1554 1695 1676 1742 versus

466 1772 638 1860 southest,
656 1784 693 1844 et
710 1784 841 1842 terrun
858 1767 956 1842 Petri
973 1770 1121 1843 Daunce
1137 1791 1259 1843 versus
1277 1771 1498 1858 southwest3
1525 1768 1674 1844 habend’

466 1888 502 1947 et
532 1871 675 1946 tenend'
705 1868 900 1968 predictam
929 1868 1063 1966 peciam
1092 1885 1184 1942 terre
1222 1894 1303 1944 cum
1340 1869 1413 1944 suis
1451 1871 1675 1969 pertinenciis

467 1971 614 2072 prefatis
642 1969 785 2044 Thome
813 1984 850 2044 et
884 1967 1043 2060 Isabelle,
1072 1968 1261 2044 heredibus
1289 1985 1326 2044 et
1354 1971 1538 2072 assignatis
1566 1971 1676 2072 ipsius

466 2073 611 2150 Thome
627 2073 912 2170 imperpetuum:
941 2069 1101 2144 ffaciend'
1119 2070 1202 2145 inde
1218 2071 1336 2146 omnia
1353 2073 1498 2147 servicia
1517 2087 1554 2147 et
1569 2099 1675 2147 onera

396 2163 407 2182 '
466 2173 648 2249 annuatim
685 2171 805 2246 debita
833 2186 869 2244 et
899 2169 945 2244 de
968 2170 1050 2271 jure
1080 2187 1269 2246 consueta:
1310 2171 1360 2246 Et
1390 2173 1560 2248 reddend’
1590 2173 1674 2249 inde

467 2274 651 2350 annuatim
687 2272 781 2346 dicte
819 2270 1078 2345 Communitati
1114 2288 1151 2346 et
1189 2297 1315 2348 eorum
1352 2273 1608 2348 successoribus
1636 2275 1673 2348 in

467 2375 598 2452 auxilio
635 2373 718 2448 ville
756 2372 923 2471 predicte,
951 2397 1011 2445 sex
1044 2371 1206 2446 denarios
1234 2373 1487 2490 sterlingorum
1516 2375 1675 2449 annualis

465 2476 628 2552 redditus
643 2475 688 2550 ad
707 2473 852 2548 Festum
869 2472 1078 2546 Natiuitatis
1093 2473 1207 2547 Sancti
1223 2475 1395 2568 Johannrs
1415 2475 1596 2576 Baptiste;
1622 2477 1674 2550 Et

465 2577 515 2652 *si
541 2576 739 2677 predictum
764 2598 924 2648 annuum
950 2572 1129 2647 redditum
1155 2572 1249 2648 ultra
1268 2576 1457 2649 terminum
1476 2577 1673 2676 predictum

465 2680 602 2777 aretr[o
627 2675 723 2775 fore]
755 2673 893 2748 licitum
926 2673 973 2747 sit
1008 2674 1140 2775 Majori
1166 2691 1203 2749 et
1229 2677 1483 2752 successoribus
1511 2679 1584 2751 suis
1611 2702 1674 2775 per

466 2781 658 2855 servientes
690 2801 773 2850 suos
807 2773 951 2849 nomine
985 2773 1078 2850 dicte
1120 2774 1398 2850 Communitatis
1439 2779 1475 2850 in
1517 2778 1674 2877 predicta

465 2897 559 2955 terra
584 2878 806 2978 distringere,
834 2892 871 2949 et
896 2874 1137 2950 districtiones
1162 2875 1334 2951 abducere
1360 2893 1397 2951 et
1413 2879 1564 2953 retinere
1583 2905 1675 2981 quo-

466 3007 578 3099 usque
594 2982 640 3054 de
656 2977 821 3054 omnibus
836 2976 1020 3076 arreragiis
1037 2976 1186 3075 predicti
1204 2977 1364 3052 redditus
1386 2978 1540 3078 plenarie
1565 2977 1672 3054 fuerit

464 3081 707 3158 satisfactum:
733 3078 784 3153 Et
798 3077 827 3151 si
841 3076 1021 3177 predictus
1037 3077 1195 3152 annualis
1211 3077 1370 3152 redditus
1386 3095 1502 3154 aretro
1513 3077 1623 3155 fuerit
1636 3081 1672 3154 in

465 3200 564 3282 parte
594 3181 651 3256 vel
680 3182 716 3252 in
746 3194 825 3253 toto
854 3203 917 3276 per
947 3202 1060 3251 unum
1089 3203 1223 3252 annum
1252 3196 1288 3253 et
1319 3205 1435 3254 unum
1461 3181 1556 3255 diem
1580 3182 1673 3255 ultra

464 3283 657 3358 terminum
695 3293 922 3379 prenotatum
960 3295 1045 3352 tunc
1081 3279 1222 3353 licitum
1260 3281 1306 3353 sit
1338 3280 1443 3356 dictis
1474 3281 1606 3382 Majori
1636 3299 1672 3356 et

465 3381 735 3469 Communitati,
761 3395 798 3452 et
824 3403 949 3452 eorum
976 3380 1243 3471 successoribus,
1271 3382 1307 3454 in
1331 3383 1525 3480 predictam
1541 3397 1671 3456 terram

464 3510 547 3559 cum
564 3484 637 3558 suis
654 3479 889 3581 pertinenciis,
907 3479 944 3552 in
962 3505 1270 3597 quorumcumque
1287 3506 1412 3557 manus
1438 3483 1671 3583 imposterum

463 3585 656 3674 devenerit,
699 3581 868 3656 reintrare
903 3581 1060 3654 resersire
1096 3597 1133 3656 et
1171 3583 1208 3656 in
1251 3598 1345 3657 statu
1383 3583 1534 3682 pristino
1575 3583 1671 3659 illam

464 3687 615 3762 retinere
641 3684 918 3782 imperpetuum,
945 3707 966 3754 a
1031 3706 1077 3755 ue
1106 3682 1363 3783 impedimento
1389 3685 1445 3760 vel
1473 3683 1672 3784 calumpnia

464 3787 707 3887 predictorum
734 3779 876 3856 Thome
902 3797 940 3854 et
967 3781 1022 3856 lsa
1066 3781 1123 3872 lle,
1153 3783 1323 3859 heredum
1349 3801 1386 3859 et
1415 3787 1671 3886 assignatorum

464 3889 573 3988 ipsius
601 3886 766 3960 Thome:
807 3881 857 3956 Et
895 3882 1074 3981 predictus
1104 3884 1225 4001 Major
1252 3902 1288 3960 et
1318 3901 1395 3960 tota
1423 3886 1672 3961 Communitas

464 3989 622 4092 predicta
662 4001 698 4060 et
735 4009 949 4059 successores
987 3983 1039 4057 sui
1079 3985 1271 4084 predictam
1309 4002 1438 4062 terram
1477 4013 1558 4062 cum
1601 3989 1673 4063 suis
