3724 5256
822 437 998 512 DOVER
1025 439 1300 513 CHARTERS

898 736 1231 816 LXXXVII.

806 913 866 994 xiij
889 913 1062 993 Januarii,
1083 927 1122 980 21
1146 914 1246 980 Edw.
1270 915 1329 980 tv.

459 1073 606 1146 senar
631 1088 811 1171 presentes
834 1086 870 1143 et
896 1069 1012 1144 futuri
1030 1071 1128 1171 quod
1148 1095 1228 1170 ego,
1248 1071 1428 1146 Robertus
1452 1072 1607 1161 Cavelle,
1626 1077 1671 1148 de

460 1173 660 1263 Cantuaria,
677 1173 760 1247 dedi
778 1172 931 1246 concessi
948 1189 984 1245 et
1001 1173 1064 1246 hac
1088 1173 1242 1270 presenti
1260 1190 1354 1246 carta
1371 1197 1448 1246 mea
1464 1175 1668 1248 confirmavi

459 1276 601 1349 Thome
620 1273 743 1348 Medle
766 1297 878 1347 unum
904 1275 1123 1389 mesuagium
1147 1299 1228 1347 cum
1250 1273 1416 1374 porcione
1437 1292 1530 1348 terre
1553 1275 1669 1349 eidem

459 1376 640 1492 mesuagio
653 1401 786 1449 annexa
804 1400 884 1448 cum
899 1375 971 1448 suis
989 1375 1227 1473 pertinenciis,
1244 1375 1433 1448 scituatum
1447 1378 1540 1474 apud
1554 1375 1669 1450 fforde

458 1477 496 1550 in
522 1476 686 1576 parochia
710 1477 755 1551 de
785 1476 1007 1564 ffolkestone,
1027 1493 1063 1550 et
1089 1475 1124 1548 in
1151 1492 1276 1549 tenura
1301 1475 1409 1548 Curie
1435 1478 1480 1549 de
1501 1478 1668 1550 Waltone

458 1579 550 1654 inter
581 1579 727 1678 Regiam
762 1593 906 1650 stratam
936 1536 1067 1652 ibidem
1097 1603 1220 1650 versus
1246 1576 1382 1665 southe,
1413 1577 1504 1650 inter
1538 1593 1666 1654 terram

458 1679 609 1753 Simonis
628 1680 794 1753 Molener
819 1703 939 1752 versus
954 1694 1052 1767 west,
1070 1678 1162 1751 inter
1187 1696 1317 1751 terram
1334 1635 1500 1751 Edwardi
1521 1679 1668 1777 Pergate

457 1806 579 1854 versus
605 1781 723 1868 north,
740 1796 776 1854 et
801 1779 893 1852 inter
919 1796 1049 1852 terram
1076 1804 1187 1877 nuper
1212 1779 1319 1873 Jolsis
1345 1779 1516 1876 Bydeawe
1545 1805 1668 1854 versus

456 1898 553 1956 east:
575 1879 725 1954 habend'
743 1897 778 1953 et
794 1880 938 1954 tenend'
956 1880 1151 1978 predictum
1170 1879 1390 1996 mesuagium
1403 1905 1485 1952 cum
1500 1881 1667 1978 porcione

456 2000 548 2055 terre
577 1983 692 2056 eidem
719 1981 898 2080 mesuagio
926 2007 1060 2054 annexa
1085 2006 1168 2054 cum
1190 1981 1263 2055 suis
1289 1981 1513 2079 pertinenciis
1529 1982 1667 2078 prefato

456 2083 598 2157 Thome
617 2082 741 2155 Medle
758 2081 948 2155 heredibus
972 2099 1008 2154 et
1028 2081 1210 2180 assignatis
1235 2082 1307 2155 suis
1332 2081 1595 2197 imperpetuum
1620 2085 1665 2158 de

456 2182 661 2283 capitalibus
678 2183 833 2257 dominis
850 2181 945 2256 feodi
963 2183 1058 2256 illius
1083 2207 1146 2280 per
1162 2183 1306 2256 servicia
1329 2183 1456 2255 inde
1428 2209 1478 2255 crs
1494 2182 1614 2258 debita
1629 2202 1665 2257 et

454 2285 543 2358 de
529 2310 610 2384 jure
644 2300 837 2357 consueta:
882 2299 918 2356 et
947 2308 1015 2382 ego
1045 2283 1223 2381 predictus
1253 2284 1428 2357 Robertus
1462 2283 1602 2358 Cavelle
1631 2302 1666 2359 et

455 2385 599 2460 heredes
616 2411 685 2458 mer
675 2384 902 2483 predictum
920 2383 1138 2499 mesuagium
1155 2410 1236 2458 cum
1254 2385 1422 2483 porcione
1442 2400 1534 2458 terre
1549 2385 1664 2459 eidem

455 2513 554 2560 mesu
599 2486 635 2560 io
652 2511 783 2560 annexa
800 2510 881 2559 cum
897 2485 969 2558 suis
986 2485 1209 2583 pertinenciis
1222 2484 1361 2583 prefato
1376 2486 1521 2559 Thome
1539 2486 1663 2560 Medle

455 2513 640 2662 heredibus
662 2603 698 2660 et
723 2587 905 2686 assignatis
930 2586 1003 2659 suis
1027 2604 1151 2660 contra
1171 2612 1293 2670 omnes
1317 2603 1441 2687 gentes
1460 2588 1664 2661 warantiza-

454 2690 595 2763 bimus
587 2703 854 2805 imperpetuum
866 2712 928 2785 per
945 2704 1132 2803 presentes.

533 2792 575 2866 In
593 2791 693 2891 cujus
709 2789 758 2861 rei
776 2788 1019 2862 testimonium
1038 2789 1119 2861 huic
1135 2789 1288 2886 presenti
1306 2804 1398 2862 carte
1415 2812 1491 2860 mee
1508 2787 1662 2886 sigillum

454 2918 572 2966 meum
585 2890 743 2990 apposui.

528 2997 622 3067 Data
663 2992 757 3089 apud
796 2991 1010 3063 ffolkestone
1048 2991 1241 3087 predictam
1281 2990 1389 3063 tercio
1427 2989 1567 3062 decimo
1604 2989 1661 3061 die

451 3095 608 3189 Januarii
625 3119 719 3167 anno
743 3117 848 3206 regni
832 3091 967 3189 Regis
983 3090 1161 3182 Edwardi,
1179 3091 1295 3191 quarti
1323 3109 1402 3189 post
1428 3105 1659 3188 conquestum

453 3195 596 3295 Anglie,
614 3193 782 3268 vicesimo
798 3193 925 3290 primo.

529 3296 616 3368 Hiis
633 3294 806 3369 testibus:
833 3290 967 3387 Jacobo
984 3291 1126 3380 Herte;
1152 3294 1313 3387 Johanne
1329 3293 1472 3376 Baker3
1501 3291 1661 3385 Johanne

453 3397 632 3496 Nycolle3
658 3396 819 3491 Johanne
833 3393 1048 3480 Goldwort;
1074 3348 1217 3468 Siinone
1237 3395 1430 3480 Molener3
1456 3407 1493 3464 et
1506 3391 1592 3464 aliis.
