3726 5256
429 492 499 564 104
788 467 963 544 DOVER
989 465 1266 542 CHARTERS

931 791 1145 874 XXX-W.

820 969 832 1036 l
852 965 1030 1052 Octobrls,
1049 981 1073 1052 9
1093 965 1170 1036 Rlc.
1194 965 1242 1036 11.

426 1123 638 1200 Novsnmr
689 1123 844 1200 universi
895 1147 959 1224 per
1009 1140 1207 1224 presentem
1257 1122 1483 1199 indenturam
1534 1123 1635 1223 quod

427 1223 623 1300 Nicholaus
647 1225 692 1299 de
722 1224 866 1316 Havete,
897 1224 1075 1317 Chivaler,
1102 1241 1139 1300 et
1168 1223 1388 1299 Edmundus
1416 1223 1460 1299 de
1489 1223 1635 1314 Heme,

424 1325 636 1401 dimiserunt
662 1327 778 1402 Priori
800 1343 838 1400 et
864 1325 1068 1402 Conventui
1095 1327 1211 1401 Sancti
1231 1324 1383 1400 Martini
1409 1325 1494 1400 novi
1519 1325 1636 1424 operis

425 1429 590 1502 Dovorre
607 1452 729 1502 omnes
751 1443 862 1503 terras
881 1443 919 1502 et
935 1444 1095 1526 pasturas
1124 1452 1204 1502 suas
1221 1452 1304 1500 cum
1323 1426 1548 1526 pertinenciis
1564 1427 1635 1500 suis

420 1525 577 1628 jacentes
606 1529 643 1602 in
673 1529 836 1628 parochia
863 1528 908 1603 de
938 1527 1115 1628 Hugham
1144 1527 1182 1602 in
1211 1527 1370 1628 quodam
1395 1527 1476 1602 loco
1508 1543 1636 1604 voeato

426 1627 639 1730 Heghclyve
648 1646 685 1704 et
698 1629 896 1728 Erchdyve
911 1658 920 1704 ε
932 1629 1082 1705 habend'
1093 1645 1131 1702 et
1143 1627 1285 1703 tenend‘
1296 1628 1471 1728 predictas
1480 1643 1591 1703 terras
1599 1644 1637 1703 et

425 1746 583 1829 pasturas
600 1756 682 1804 cum
708 1729 933 1829 pertinenciis
949 1731 1022 1805 suis
1043 1729 1211 1848 predictis
1229 1730 1345 1806 Priori
1371 1729 1576 1805 Conventui
1599 1745 1637 1804 et

423 1855 549 1904 eorum
574 1831 835 1906 successoribus
859 1858 880 1905 a
903 1830 962 1905 die
986 1831 1060 1906 datr
1087 1830 1307 1930 presencium
1334 1857 1447 1932 usque
1472 1831 1510 1905 in
1528 1830 1635 1905 finem

425 1932 572 2032 triginta
605 1957 780 2006 annorum
813 1931 1059 2061 proximorum
1092 1933 1316 2033 sequentium
1350 1929 1504 2030 plenarie
1537 1956 1637 2006 com-

424 2031 628 2132 pletorum:
656 2033 816 2108 reddend
850 2033 933 2108 inde
958 2032 1140 2108 annuatim
1164 2033 1274 2108 iidem
1301 2033 1403 2108 Prior
1421 2032 1636 2111 Conventus

423 2148 460 2206 et
490 2157 616 2206 eorum
645 2157 861 2208 successores
919 2133 1061 2208 redictis
1094 2132 1272 2209 Nicholao
1303 2149 1341 2209 et
1368 2133 1567 2208 Edmundo
1600 2150 1636 2208 et

425 2257 552 2350 eorum
585 2232 775 2350 heredibus
804 2235 849 2310 ad
874 2159 1015 2350 figam
1050 2235 1167 2309 Sancti
1201 2233 1389 2352 Michaelis
1409 2234 1636 2352 'Archangeli

425 2333 902 2552 pffiffipussppldplsiqupspplrp
909 2351 1082 2538 ejrpppeepp’
1094 2336 1274 2511 diffidit
1286 2351 1349 2535 pii
1365 2335 1637 2538 qiiatiididlecciiii

425 2537 500 2610 dies
529 2533 623 2611 ultra
655 2553 849 2612 terminum
882 2536 1071 2636 prefixum,
1100 2551 1188 2610 tunc
1214 2536 1302 2611 bene
1335 2537 1437 2611 liceat
1470 2536 1637 2637 predictis

426 2636 602 2712 Nicholao
636 2637 833 2713 Edmundo
873 2653 910 2712 et
951 2662 1077 2712 eorum
1127 2638 1314 2713 heredibus
1354 2637 1537 2738 assignatis
1579 2641 1636 2713 vel

426 2737 612 2812 attornatis
641 2737 768 2812 tamin
794 2737 961 2813 omnibus
985 2739 1088 2813 terris
1118 2739 1263 2813 manerii
1280 2737 1477 2822 eorundem
1503 2739 1636 2813 Prioris

425 2855 462 2913 et
496 2838 704 2915 Conventus
736 2840 781 2914 de
814 2839 1028 2941 ffarnynglo,
1062 2865 1170 2956 quam
1204 2839 1241 2913 in
1284 2838 1387 2914 terris
1411 2854 1448 2913 et
1485 2841 1636 2938 pasturis

425 2940 604 3039 predictis,
639 2957 679 3015 ut
721 2940 952 3039 premittitur,
986 2941 1152 3040 predictis
1192 2939 1311 3015 Priori
1351 2957 1388 3014 et
1431 2939 1636 3016 Conventui

425 3041 577 3115 dimissis
595 3039 656 3114 ubi
683 3067 728 3115 ue
748 3041 1049 3141 [distringere,et]
1068 3040 1309 3116 districciones
1326 3065 1446 3140 capere
1462 3041 1636 3117 abduoere

425 3158 462 3215 et
487 3143 638 3215 retinere
657 3067 776 3216 donec
801 3141 867 3218 sibi
892 3142 938 3217 de
971 3142 1137 3220 omnibus
1163 3143 1246 3218 inde
1269 3141 1452 3244 arreragiis
1484 3143 1636 3242 plenarie

427 3241 536 3316 fuerit
552 3241 781 3319 satisfactum.

503 3343 544 3416 In
561 3343 663 3460 cujus
679 3345 730 3416 rei
747 3341 993 3417 testimonium
1010 3358 1083 3418 tam
1101 3343 1217 3444 sigilla
1238 3343 1400 3444 ipsorum
1418 3343 1583 3420 Nicholai
1599 3361 1636 3422 et

429 3441 615 3518 Edmundr
641 3468 750 3545 quam
774 3443 932 3544 sigillum
950 3443 1153 3519 Commune
1202 3445 1422 3520 redictorum
1446 3445 1581 3520 Prioris
1599 3464 1636 3522 et

428 3545 637 3620 Conventus
653 3543 811 3642 partibus
828 3545 937 3646 hujus
952 3546 1141 3620 indenture
1190 3547 1356 3621 ternatim
1372 3561 1457 3620 sunt
1472 3573 1634 3648 appensa

504 3647 596 3720 Data
606 3645 704 3745 apud
716 3645 893 3747 Hugham
910 3645 1027 3745 primo
1043 3647 1102 3722 die
1117 3646 1285 3723 Octobris
1300 3672 1395 3722 anno
1410 3647 1511 3750 regni
1529 3649 1637 3750 Regis

429 3746 580 3834 Ricardi,
600 3745 746 3822 secundi
764 3772 784 3821 a
800 3762 998 3848 conquestu
1014 3746 1147 3848 Anglie
1164 3773 1271 3824 nono.

504 3849 646 3923 Portions
663 3849 703 3947 os
710 3875 732 3922 a
750 3849 839 3950 large
854 3849 955 3924 andin
969 3850 1040 3924 scal
1053 3853 1187 3924 anain.
