3738 5304
448 507 520 580 344
807 480 987 555 DOVER
1014 479 1292 556 CHARTERS

1017 781 1099 864 Cl.

790 957 880 1040 xxiij
901 958 1011 1038 Junii,
1033 971 1074 1038 34
1096 957 1189 1026 Heu.
1211 955 1312 1023 Vlll.

447 1115 619 1188 Passeris
650 1116 838 1191 indentura
863 1130 1011 1188 testatur
1039 1114 1139 1214 quod
1168 1114 1329 1187 Thomas
1359 1112 1503 1212 ffoxley,
1536 1112 1657 1185 Ma'or

445 1215 527 1290 ville
557 1242 596 1289 ac
620 1217 752 1290 Portus
775 1215 1143 1310 DovorraJohannes
1164 1213 1309 1312 Tayler,
1328 1214 1507 1289 Robertus
1527 1137 1655 1302 Geiles,

445 1316 624 1412 johannes
657 1318 783 1406 Owen,
814 1335 849 1391 et
879 1317 1048 1390 Ricardus
1077 1317 1213 1404 coelic,
1242 1314 1420 1389 Custodes
1449 1317 1542 1389 dicte
1573 1316 1656 1387 ville

447 1419 603 1492 unanimi
628 1443 768 1492 assensu
791 1435 827 1492 et
853 1443 1028 1492 concensu
1054 1418 1170 1490 tocius
1191 1416 1468 1490 Communitatis
1498 1416 1655 1516 ejusdem

447 1519 542 1608 ville,
559 1521 782 1595 tradiderunt
799 1535 1045 1592 concesserunt
1062 1535 1098 1591 et
1116 1518 1160 1592 ad
1177 1515 1274 1590 feodi
1292 1516 1429 1590 firmam
1447 1518 1656 1591 dimiserunt

449 1621 609 1694 Roberto
629 1621 755 1718 Upton
794 1621 945 1694 uandam
963 1621 1117 1717 placeam
1135 1635 1226 1692 terre
1244 1642 1325 1690 cum
1342 1619 1414 1691 suis
1433 1619 1657 1715 pertinenciis

441 1723 618 1823 jacentem
652 1721 744 1795 infra
768 1647 975 1795 libertatem
1005 1721 1136 1793 Portus
1161 1720 1326 1792 Dovorre
1350 1721 1386 1791 in
1418 1717 1498 1816 [left
1528 1719 1654 1816 blank]

448 1824 575 1912 warde,
592 1824 684 1895 inter
702 1823 851 1922 Regiam
876 1838 1020 1895 stratam
1046 1846 1168 1894 versus
1193 1820 1400 1909 northwest,
1417 1836 1547 1893 terram
1570 1821 1657 1893 dicti

450 1923 595 1996 Roberti
626 1923 764 2021 Upton,
792 1924 975 2022 quondam
1006 1923 1148 1996 Ricardi
1176 1921 1335 2010 Couche,
1361 1945 1406 1993 ex
1428 1920 1510 2021 jure
1535 1922 1656 1993 uxoris

447 2025 532 2112 e'us,
565 2049 686 2096 versus
715 2025 820 2097 south
850 2024 1030 2097 southeast
1057 2039 1093 2096 et
1122 2038 1207 2096 west
1232 2023 1436 2110 southwest,
1465 2039 1501 2094 et
1526 2039 1655 2094 terram

448 2050 589 2198 domus
618 2125 689 2198 Dei
720 2127 886 2198 Dovorre
916 2125 1100 2197 northest:
1144 2123 1312 2196 nasrno’
1337 2139 1373 2195 et
1403 2123 1544 2196 tenend'
1576 2147 1656 2219 pre-

447 2225 579 2298 dictam
596 2226 751 2322 placeam
768 2242 860 2299 terre
873 2249 954 2297 cum
973 2225 1049 2299 suis
1065 2223 1323 2324 p[ertinenciis]
1341 2221 1479 2323 prefato
1497 2222 1654 2296 Roberto

449 2326 589 2423 Upton,
615 2325 802 2400 heredibus
826 2343 861 2400 et
885 2325 1068 2425 assignatis
1091 2326 1163 2398 suis
1189 2324 1477 2423 imperpetuum:
1505 2322 1653 2397 faciend’

449 2427 532 2503 inde
574 2427 761 2501 servicium
805 2427 942 2500 domini
987 2425 1093 2526 Regis
1135 2426 1331 2500 secundum
1364 2426 1657 2500 consuetudinem

450 2544 576 2628 portus
592 2529 741 2627 predicti
767 2554 852 2603 cum
873 2525 1062 2601 acciderit:
1089 2527 1142 2626 e[t
1164 2526 1350 2624 rod]dend’
1368 2527 1451 2599 inde
1476 2527 1657 2599 annuatim

452 2629 584 2731 Majori
601 2647 637 2702 et
655 2628 875 2703 Custodibus
893 2627 1052 2729 ejusdem
1069 2628 1153 2701 ville
1168 2629 1230 2727 qui
1257 2654 1323 2727 pro
1340 2643 1501 2725 tempore
1523 2625 1656 2700 fuerint

450 2731 486 2803 in
534 2729 639 2804 ffesto
683 2731 891 2806 Natiuitatis
933 2728 1047 2802 Sancti
1084 2728 1257 2822 Johannis
1303 2728 1461 2827 Baptiste
1504 2743 1658 2826 quatuor

450 2832 642 2930 [denarios]
659 2832 912 2931 sterlingorum
929 2828 1087 2904 annualis
1103 2829 1287 2904 redditus:
1312 2845 1347 2901 et
1360 2829 1389 2902 si
1407 2827 1491 2903 dicti
1505 2845 1658 2928 quatuor

448 2933 582 3007 denarii
612 2933 770 3006 annualis
796 2931 958 3006 redditus
992 2945 1108 3003 aretro
1143 2927 1220 3003 fore
1256 2930 1470 3029 contigerint
1496 2928 1533 3001 in
1559 2947 1657 3027 parte

449 3033 506 3106 vel
529 3034 566 3107 in
588 3050 669 3107 toto
688 3033 807 3134 aliquo
832 3058 925 3106 anno
951 3030 1064 3131 [post]
1082 3031 1282 3131 predictum
1307 3029 1436 3104 festum
1457 3055 1520 3128 per
1544 3056 1657 3102 unum

475 3135 666 3208 uarterium
684 3137 765 3208 anni
782 3134 882 3234 quod
895 3151 1024 3207 extunc
1040 3131 1177 3206 licitum
1193 3133 1262 3204 erit
1282 3131 1447 3228 predictis
1468 3131 1603 3231 Majori
1621 3147 1656 3204 et

449 3163 668 3309 dustodibus
684 3261 723 3309 ac
739 3261 862 3308 eorum
888 3232 1144 3308 successoribus
1162 3231 1363 3349 Majoribus
1386 3249 1421 3305 et
1439 3231 1658 3306 Custodibus

449 3337 579 3435 [d]icte
595 3335 678 3409 ville
701 3337 765 3436 qui
791 3361 863 3451 pro¹
881 3351 1039 3433 tempore
1066 3333 1200 3408 fuerint
1221 3359 1257 3406 rn
1281 3333 1476 3431 predictam
1501 3334 1656 3430 placeam

314 3451 323 3468 ·
448 3455 541 3510 terre
567 3460 650 3508 cum
677 3437 749 3508 suis
775 3435 1013 3535 pertinenciis,
1040 3435 1084 3508 ad
1105 3459 1415 3534 quorumcumque
1441 3457 1567 3506 manus
1589 3434 1657 3506 im-

448 3553 631 3637 posterum
655 3537 824 3625 evenerit,
839 3561 905 3635 pro
922 3553 958 3609 et
985 3537 1127 3610 nomine
1141 3535 1418 3610 Communitatis
1435 3535 1603 3607 reintrare
1620 3552 1655 3607 et

447 3640 544 3712 illam
582 3637 626 3710 ad
665 3661 756 3735 opus
796 3639 992 3712 eorundem
1021 3635 1183 3711 rehabere
1222 3653 1258 3710 et
1297 3635 1438 3733 pacifice
1477 3635 1655 3733 possidere

447 3741 723 3840 imperpetuum,
741 3739 804 3812 hac
821 3740 1011 3812 indentura
1036 3738 1288 3838 quovismodo¹
1305 3761 1378 3810 non
1407 3735 1595 3812 obstante:
1619 3753 1655 3809 et

449 3867 512 3915 nos
528 3840 677 3939 predicti
696 3839 818 3941 Major
835 3857 870 3912 et
889 3841 1064 3915 Custodes
1080 3864 1120 3913 ac
1136 3839 1383 3915 Communitas
1399 3839 1494 3912 dicte
1514 3837 1597 3910 ville
1620 3853 1656 3909 et

447 3967 572 4016 eorum
598 3966 813 4016 successores
849 3941 997 4015 eandem
1039 3940 1193 4040 placeam
1228 3955 1320 4014 terre
1354 3963 1436 4012 cum
1458 3938 1542 4010 'suis
1576 3963 1657 4035 per-

446 4042 608 4117 tinenciis
625 4039 763 4140 prefato
779 4043 936 4118 Roberto
954 4041 1096 4141 Upton,
1115 4039 1302 4115 heredibus
1314 4056 1350 4113 et
1369 4039 1555 4139 assignatis
1571 4040 1656 4126 suis,

446 4145 482 4217 in
517 4143 632 4217 forma
664 4144 822 4242 predicta
864 4159 986 4216 contra
1020 4168 1142 4216 omnes
1178 4157 1302 4241 gentes
1332 4138 1656 4215 warrantizabimus

446 4245 719 4343 imperpetuum.
