3726 5256
448 519 493 590 86
806 516 981 590 DOVER
1008 515 1283 590 CHARTERS

593 713 638 788 de
655 714 844 790 excucione
863 715 912 814 [!]
940 714 1121 816 cujusdam
1137 713 1262 816 judicii
1280 727 1403 788 contra
1419 713 1648 791 Vaientinum

445 813 538 890 Dies.
593 815 638 888 de
664 816 840 906 Dovorra,
868 841 981 915 nuper
999 817 1179 917 Majorem
1195 815 1289 888 Ville
1306 815 1351 888 de
1367 814 1593 914 Wynchelse,
1612 834 1649 891 et

592 915 729 990 dictum
750 917 994 1007 Vincencium,
1012 933 1097 990 tunc
1122 913 1300 990 Ballivum
1317 915 1541 1016 ibidem,per
1565 918 1648 990 Bar-

301 1082 304 1097 ,
443 1013 662 1090 tholomcum
714 1018 760 1091 de
807 975 1058 1119 Borghers’she,
1112 1033 1196 1091 nanc
1237 1017 1433 1092 Custodem
1481 1017 1649 1118 Quinque

442 1116 629 1207 Portuum,
660 1117 792 1192 redditi
821 1119 867 1193 ad
895 1135 1025 1194 sectam
1054 1117 1274 1192 Godescalke
1303 1118 1521 1209 Brodenelet,
1538 1144 1649 1220 usque

440 1218 536 1292 diem
552 1219 692 1292 veneris
708 1218 912 1319 proximum
929 1237 1011 1320 post
1027 1217 1160 1296 festum
1176 1221 1300 1293 Sancte
1316 1220 1517 1312 Trinitatis,
1543 1237 1610 1294 etc

514 1417 728 1534 Preceptum
744 1435 797 1492 est
814 1419 904 1493 sicut
921 1419 1003 1492 elias
1019 1418 1197 1492 Omnibus
1225 1415 1425 1518 Maioribus
1454 1415 1597 1490 Ballivis
1613 1433 1649 1490 et

440 1517 636 1592 Batonibus
660 1519 825 1635 quinque
854 1537 1027 1635 portuum
1057 1517 1156 1619 quod
1186 1517 1336 1593 habeant
1362 1517 1649 1592 contradictum

440 1617 535 1691 diem
553 1620 689 1693 veneris
706 1621 887 1718 predicte
879 1646 915 1694 ιιι
932 1619 1157 1720 scriptisque
1174 1619 1267 1692 bona
1278 1634 1314 1694 et
1331 1636 1463 1718 quanta
1478 1617 1650 1718 cepissent

302 1761 312 1776 ·
438 1744 501 1817 per
517 1719 754 1810 Skomerfare,
774 1739 934 1820 tempore
956 1746 1030 1821 quo
1046 1721 1162 1795 dictus
1180 1720 1312 1794 Custos
1336 1719 1531 1819 optinuerit
1548 1718 1650 1792 balli-

438 1845 529 1994 ἒιιιέιε
546 1845 656 1913 suam,
683 1777 779 1895 unde
803 1822 902 1897 dicto
928 1822 1081 1897 Custodi
1108 1837 1201 1896 certa
1223 1847 1302 1920 pers
1317 1821 1390 1895 de
1374 1845 1457 1922 Jure
1473 1820 1649 1921 pertinere

465 1946 485 1992 e
530 1937 553 1997 t

439 2177 612 2252 Puncrrn
640 2195 738 2254 tenta
762 2180 806 2254 ad
832 2179 1025 2254 Ecclesiam
1052 2179 1168 2253 Sancti
1184 2178 1307 2274 Jacobi
1334 2179 1379 2252 de
1404 2180 1570 2253 Dovorra
1591 2179 1650 2254 die

491 2303 627 2375 veneris
655 2303 820 2401 proximo
849 2318 930 2402 post
960 2301 1091 2378 festum
1120 2304 1244 2377 Sancte
1271 2301 1471 2379 Trinitatis.

519 2512 1011 2614 MaJ‘oresBallivietBarones
1021 2539 1179 2690 piumque
1190 2530 1363 2612 portuum
1373 2514 1534 2587 tulerunt
1544 2511 1649 2586 breve

441 2614 578 2688 domiui
596 2616 726 2716 Regis
718 2641 754 2688 ιιι
772 2615 836 2688 hec
852 2615 968 2692 verba.

442 2714 547 2789 breve
589 2716 682 2790 lecto
718 2732 754 2791 et
792 2716 957 2790 omnibus
994 2715 1152 2815 partibus
1215 2715 1419 2789 uerentibus
1451 2715 1533 2790 huic
1566 2712 1650 2787 inde

441 2816 577 2890 vocatis
606 2841 672 2915 pro
700 2817 916 2892 avisamento
946 2842 1050 2916 super
1079 2817 1176 2892 dicto
1190 2741 1300 2891 brevi
1320 2816 1484 2892 habend’.
1535 2817 1650 2888 Datus

441 2932 494 2991 est
531 2917 606 2991 dies
642 2917 811 2993 omnibus
848 2919 1019 3036 partibus
1041 2917 1270 3019 querentibus
1295 2934 1332 2993 et
1366 2915 1649 3005 defendentibus,

443 3017 618 3108 videlicet,
660 3019 719 3093 die
760 3019 884 3094 martis
921 3020 1085 3137 prosumo
1121 3035 1203 3138 post
1240 3018 1372 3093 festum
1410 3017 1651 3093 translacionis

442 3118 558 3193 Sancti
596 3119 741 3194 Thome
779 3121 932 3194 martiris
968 3137 1004 3194 et
1041 3121 1183 3195 interim
1219 3119 1439 3219 loquendum
1476 3134 1530 3191 est
1567 3118 1650 3191 inde

446 3244 526 3293 cum
552 3220 700 3294 consilio
724 3221 862 3294 domini
889 3221 1006 3320 Regis.

518 3319 698 3394 Henricus
714 3321 888 3395 Wardieu
914 3321 1016 3419 ponit
1039 3323 1118 3394 ioco
1138 3345 1205 3394 suo
1219 3320 1417 3414 johannem
1435 3316 1587 3408 Saimon,
1604 3321 1650 3393 de

442 3420 648 3511 Westclive,
678 3445 801 3494 versus
832 3421 1010 3522 Maiorem
1040 3420 1123 3495 ville
1152 3420 1198 3494 de
1225 3419 1408 3495 Sandwico
1437 3443 1502 3517 pro
1525 3443 1650 3493 manu-

441 3521 596 3595 tinencio
625 3522 723 3620 prius
752 3521 884 3596 habito.

517 3623 718 3710 Edwardus,
748 3637 815 3696 etc.

518 3722 709 3823 inquisicio
737 3739 838 3822 capta
868 3721 1002 3795 virtute
1031 3722 1148 3797 brevis
1176 3721 1311 3796 domini
1347 3721 1455 3821 Regis
1492 3721 1651 3822 superius

441 3848 544 3912 anno,
575 3842 642 3897 etc.
671 3841 754 3913 etc,
784 3825 829 3898 de
858 3823 1007 3898 diversis
1037 3824 1209 3898 custumis
1238 3840 1273 3897 et
1307 3823 1463 3898 tolnetis.

1054 2616 1211 2690 ricuardus
1227 2617 1281 2688 dei
1297 2618 1420 2714 gratia,
1446 2631 1511 2691 etc.
1565 2614 1650 2710 Quo
