3722 5278
439 503 487 558 20
797 481 975 556 DOVER
1001 479 1276 558 CHARTERS

1016 779 1075 863 X.

841 975 865 1024 v
886 955 987 1040 Matr,
1007 970 1047 1040 13
1068 955 1170 1028 saw.
1193 956 1221 1026 1.

437 1115 678 1207 Eowarous,
696 1115 753 1190 dei
778 1114 905 1217 gracia,
922 1131 1003 1206 etc,
1029 1115 1168 1205 dilecto,
1195 1131 1262 1190 etc.
1314 1115 1372 1189 Ex
1397 1117 1540 1216 querela
1559 1117 1646 1191 Bar-

436 1243 548 1294 onum
573 1233 779 1292 nostrorum
795 1217 840 1291 de
856 1215 1085 1292 flaveresbam
1105 1217 1304 1316 accepimus
1318 1217 1449 1317 quod*
1467 1243 1531 1292 vos
1542 1217 1647 1319 juxto

438 1320 615 1419 quandam
643 1319 941 1418 composicionem
971 1319 1110 1394 dudum
1132 1317 1225 1392 inter
1247 1343 1313 1392 vos
1337 1336 1374 1393 et
1400 1319 1497 1417 ipsos
1521 1319 1645 1394 initam

439 1445 570 1520 ponere
586 1420 741 1496 debeatis
756 1445 870 1494 untun
894 1419 1076 1494 hominem
1100 1435 1244 1519 exparte
1261 1435 1378 1494 vestra
1400 1419 1445 1494 ad
1470 1420 1647 1519 prisonam

438 1538 595 1597 nostram
621 1519 752 1596 ibidem
778 1522 823 1597 ad
849 1535 1015 1621 sumptus
1040 1535 1177 1596 vestros
1209 1520 1445 1613 custodiend’,
1470 1547 1541 1596 una
1566 1547 1648 1596 cum

438 1623 596 1724 quodam
620 1621 690 1696 alio
716 1622 859 1698 homine
884 1646 948 1721 per
973 1621 1068 1720 ipsos
1087 1621 1244 1696 Berones
1270 1622 1316 1697 ad
1340 1622 1408 1696 hoc
1432 1622 1646 1714 inveniend’,

440 1749 506 1800 vos
522 1724 705 1798 hominem
726 1723 881 1822 aliquem
903 1723 948 1798 ad
972 1722 1041 1796 hoc
1065 1721 1226 1798 invenire
1241 1721 1334 1798 sicut
1350 1723 1448 1822 prius
1464 1723 1649 1798 invenistis

439 1823 679 1900 contradicitis
704 1823 823 1897 minus
842 1823 940 1925 juste
964 1823 1010 1898 ad
1035 1848 1143 1924 grave
1167 1825 1365 1922 dampnum
1385 1825 1544 1923 ipsorum
1561 1826 1649 1900 Bar·

440 1951 551 2001 onum
567 1942 605 1999 et
621 1939 745 2000 contra
761 1923 1057 2022 composicionem
1084 1925 1302 2024 predictam:
1330 1926 1410 2000 Noe
1428 1925 1650 2001 advertentes

438 2027 538 2127 quod
616 2023 768 2099 rieulum
801 2049 864 2123 per
896 2023 1077 2100 defectum
1110 2025 1271 2101 custodie
1300 2025 1504 2126 hujusmodi
1538 2029 1649 2126 possit

440 2128 541 2202 nobis
586 2127 703 2201 uturis
737 2125 957 2226 temporibus
986 2127 1144 2220 iminere,
1176 2127 1278 2201 vobis
1307 2127 1526 2220 mandamus,
1555 2131 1648 2203 sicut

438 2229 522 2302 alias
540 2227 799 2316 mandavimus,
824 2227 924 2327 qood
951 2226 1132 2301 hominem
1159 2228 1358 2327 predictum
1384 2229 1428 2301 ad
1453 2229 1648 2329 predictam

440 2330 622 2431 prisonem
648 2328 871 2403 custodiend’
888 2353 933 2401 ex
951 2343 1050 2426 parte
1069 2344 1186 2402 vestra
1208 2328 1292 2428 poni
1320 2327 1466 2418 faciatis,
1493 2331 1584 2405 sicut
1611 2331 1649 2407 id

439 2430 552 2505 faeere
565 2429 701 2504 debetis
718 2445 754 2502 et
767 2428 997 2503 consuevistis
1006 2430 1110 2531 juxta
1127 2430 1423 2528 composicionem
1440 2433 1648 2530 predictam,

441 2550 477 2608 et
501 2533 606 2633 juxta
635 2545 795 2604 tenorem
824 2529 968 2604 alterius
995 2530 1152 2605 mandati
1180 2530 1292 2604 nostri
1322 2531 1424 2605 vobis
1456 2532 1539 2606 alias
1568 2532 1650 2606 inde

441 2632 578 2721 directi,
595 2631 644 2705 ita
660 2631 759 2731 quod
776 2631 915 2730 cuipam
932 2647 1085 2706 vestram
1102 2630 1140 2704 in
1158 2631 1222 2704 hac
1230 2647 1340 2806 parte
1357 2657 1505 2733 arguere
1521 2634 1651 2708 merito

1257 2733 1341 2807 cetis
1358 2759 1466 2833 quare
1483 2735 1521 2811 id
1537 2734 1650 2809 facere

441 2760 513 2808 non
541 2731 739 2824 debeamus,
767 2730 825 2806 vel
852 2756 989 2806 causam
1012 2731 1114 2807 nobis
1138 2732 1229 2833 signi

443 2860 514 2908 noo
531 2833 694 2908 debeatis.

517 2935 626 3009 Teste
651 2960 708 3009 me
733 2935 811 3032 ipso
835 2933 931 3032 apud
949 2934 1304 3010 westmonasterium
1326 2937 1453 3036 quinto
1475 2937 1533 3011 die
1559 2938 1650 3011 Maii

443 3063 538 3112 anno
552 3034 652 3137 regni
670 3037 780 3111 nostri
797 3034 908 3110 tercio
924 3035 1072 3112 decimo.
