3756 5270
454 437 523 509 242
813 417 991 492 uovsn
1017 417 1297 492 cunnrsss

454 713 693 791 lussuxrnus
720 718 830 792 eciam
857 718 1034 834 quendam
1061 743 1237 792 assensum
1265 718 1381 792 eidem
1407 719 1576 817 peticioni
1603 744 1665 818 per

454 815 755 892 Communitatem
783 843 884 920 regns
912 820 1022 894 nostri
1050 819 1183 934 Anglie
1210 819 1247 892 in
1273 819 1398 893 eodem
1433 820 1664 918 parliamento

453 917 662 1092 exlegentem
679 916 812 993 factum
828 937 866 995 et
882 920 920 994 in
936 923 1059 995 eadem
1077 921 1250 1020 peticione
1274 919 1512 1021 specificatum
1539 921 1575 994 in
1601 921 1665 994 hec

455 1043 517 1090 ver
542 1044 584 1092 a:

532 1121 570 1193 A
583 1140 645 1194 cest
660 1122 737 1195 bille
753 1123 797 1194 les
814 1147 995 1196 communes
1012 1139 1106 1196 suunt
1122 1141 1287 1198 assentuz.
1381 1202 1391 1238 ι

456 1320 693 1395 lsspsxrnus
710 1323 852 1420 insuper
868 1323 1044 1422 quandam
1068 1321 1331 1420 responsionem
1357 1322 1472 1396 eidem
1497 1319 1664 1420 peticioni

454 1447 517 1520 per
535 1447 609 1511 nos,
623 1423 668 1496 de
684 1424 901 1498 avisamento
916 1440 953 1498 et
969 1447 1108 1496 assensu
1126 1422 1356 1497 dominorum
1373 1423 1608 1522 spiritualium
1628 1437 1665 1493 et

454 1524 702 1623 temporalium
732 1525 769 1597 in
799 1525 897 1599 dicto
926 1523 1157 1622 parliamento
1180 1522 1344 1598 similiter
1368 1523 1609 1612 existentium,
1626 1547 1665 1594 ac

455 1625 731 1699 Communitstis
760 1626 917 1724 predicte
947 1649 1083 1699 necnon
1112 1625 1320 1699 auctoritate
1351 1624 1510 1740 ejusdem
1540 1624 1667 1724 parlia-

455 1727 565 1799 menti
592 1724 733 1818 factam,
750 1743 786 1801 et
808 1727 843 1799 in
865 1726 972 1800 dorso
987 1727 1146 1827 ejusdem
1163 1725 1348 1824 peticionis
1363 1742 1531 1800 insertam
1548 1725 1585 1799 in
1602 1724 1667 1797 hec

458 1827 587 1901 verba:

535 1929 683 2024 Soitfait
696 1954 779 2002 come
796 1930 826 2000 il
838 1946 888 2000 est
902 1930 1014 2002 desire.

455 2123 538 2196 Nos
568 2149 704 2196 nucem
724 2140 864 2196 tenores
889 2123 1075 2221 peticionis
1102 2149 1260 2197 assensus
1279 2141 1315 2196 et
1332 2123 1569 2222 responsionis
1586 2148 1667 2223 pre-

456 2225 636 2297 dictorum
659 2224 707 2298 ad
735 2223 1006 2322 requisitionem
1035 2224 1189 2351 Maioris
1214 2241 1251 2297 et
1278 2224 1556 2298 Communitatis
1582 2223 1667 2297 ville

456 2325 612 2423 predicte
639 2323 806 2398 duximus
832 2324 1099 2424 exemplificand
1139 2350 1201 2423 per
1229 2341 1419 2424 presentes.

533 2426 575 2499 ln
593 2425 694 2526 cujus
711 2426 761 2499 rei
778 2425 1022 2500 testimonium
1038 2427 1101 2500 has
1120 2425 1256 2500 litteras
1273 2443 1409 2500 nostras
1425 2425 1500 2498 fieri
1518 2424 1667 2499 fecimus

458 2542 627 2625 patentes.

533 2629 643 2701 Teste
660 2653 717 2701 me
735 2628 812 2725 ipso
828 2626 920 2724 apud
939 2628 1091 2701 Westm.
1111 2627 1278 2702 vicesimo
1299 2643 1400 2702 sexto
1426 2627 1484 2702 die
1510 2626 1667 2722 Januarii

457 2755 550 2803 anno
567 2729 666 2829 regni
685 2729 796 2803 nostri
814 2744 925 2802 sexto.

536 2881 701 2978 (ffaukes.
754 2879 811 2953 end
832 2905 866 2980 p.
896 2828 1264 3020 {ssgffllffiffl'
1282 2829 1300 3029 ξ
1317 2879 1503 2976 Clericos.)
1527 2985 1539 3002 .
