3728 5256
427 486 493 558 168
782 484 964 558 DOVER
991 484 1270 559 CHARTERS

960 783 1091 861 LVI.

771 957 908 1023 Ultimo
931 956 1030 1036 Maii,
1055 971 1094 1036 13
1116 957 1208 1023 Hen.
1233 955 1290 1023 tv.

420 1111 634 1186 Novuxmr
646 1113 803 1186 universi
820 1137 877 1185 me
894 1110 1072 1199 Ceciliam,
1083 1109 1241 1185 relictam
1257 1109 1452 1185 Alexandri
1468 1109 1631 1199 Poltone,

421 1213 465 1286 de
484 1213 662 1304 Dovorra,
680 1212 715 1286 in
735 1239 813 1286 mea
834 1211 1010 1286 viduitate
1027 1212 1210 1301 remisisse,
1231 1211 1409 1302 relaxasse,
1427 1229 1464 1285 et
1484 1210 1632 1286 omnino

422 1339 489 1412 pro
505 1339 562 1387 me
578 1330 614 1387 et
630 1313 879 1388 executoribus
895 1315 983 1388 meis
1000 1315 1263 1428 imperpetuum
1285 1313 1449 1428 quietum
1468 1315 1632 1387 clamasse

421 1415 556 1516 Agneti
576 1414 739 1504 Poltone,
758 1413 828 1488 filie
845 1441 933 1504 mee,
951 1431 1071 1489 totum
1089 1440 1208 1488 meum
1222 1414 1335 1516 juset
1347 1413 1441 1515 juris
1458 1416 1631 1488 clameum

422 1541 494 1614 que
520 1515 638 1604 habui,
665 1516 789 1605 habeo,
812 1541 874 1589 seu
900 1517 1031 1615 quovis
1051 1517 1162 1590 modo
1186 1515 1313 1589 habere
1331 1532 1467 1614 potero,
1495 1515 1532 1588 in
1559 1540 1633 1588 uno

423 1633 627 1691 tenemento
660 1617 734 1692 sive
776 1616 917 1691 stabulo
958 1617 1092 1692 situato
1134 1613 1226 1690 infra
1267 1616 1464 1690 libertatem
1499 1617 1633 1690 Portus

424 1718 631 1791 Dovorre
624 1745 661 1791 m
697 1717 1038 1817 Mankynewarde
1030 1736 1121 1792 mter
1162 1718 1294 1816 regiam
1324 1733 1468 1791 stratam
1511 1742 1633 1790 versus

422 1820 634 1907 southeeast,
653 1835 689 1892 et
706 1835 837 1892 terram
865 1818 1013 1893 Roberti
1030 1820 1182 1916 Boydyn
1199 1843 1321 1894 versus
1346 1819 1572 1906 southewest,
1597 1834 1633 1890 et

422 1935 551 1992 terram
565 1918 707 1994 Thome
724 1921 888 1993 Crouche
906 1946 1028 1994 versus
1044 1920 1269 2009 northewest,
1288 1935 1324 1992 et
1342 1921 1433 1994 inter
1451 1935 1632 1993 tenemen-

422 2037 503 2094 tum
519 2021 691 2116 Johannis
709 2021 859 2095 Petham
884 2047 1007 2094 versus
1028 2021 1252 2095 northeeast:
1281 2021 1330 2094 ita
1347 2021 1447 2120 quod
1464 2045 1535 2094 non
1553 2045 1631 2120 ego,

423 2122 668 2220 prenominata
697 2120 838 2211 Cecilia,
869 2147 932 2194 nec
959 2122 1087 2221 aliquis
1120 2121 1265 2194 nomine
1291 2146 1381 2236 meo,
1410 2122 1446 2196 in
1473 2121 1633 2220 predicto

423 2239 626 2297 tenemento
647 2221 721 2295 sive
747 2221 887 2296 stabulo
913 2248 993 2296 cum
1021 2223 1093 2297 suis
1118 2221 1341 2320 pertinenciis
1366 2247 1429 2295 nec
1454 2222 1491 2294 in
1516 2223 1633 2321 aliqua

423 2339 522 2421 parte
555 2323 715 2423 ejusdem
749 2322 966 2423 quicquid
952 2324 1045 2424 Juris
1085 2323 1310 2423 proprietatis
1342 2339 1404 2396 aut
1433 2322 1555 2398 clemei
1588 2324 1633 2397 de

421 2441 540 2498 cetero
566 2425 722 2542 exigere
732 2426 789 2500 vel
812 2425 997 2498 vendicare
1026 2425 1237 2498 debemus
1228 2451 1264 2496 m
1295 2422 1474 2514 futurum,
1504 2440 1556 2496 set
1590 2422 1633 2498 ab

425 2527 523 2600 omni
546 2524 663 2599 inde
649 2527 743 2626 Juris
767 2525 907 2599 accione
934 2526 1044 2599 simus
1069 2526 1199 2599 exclusi
1223 2550 1285 2624 per
1306 2541 1483 2624 presentes
1501 2525 1634 2624 imper-

424 2643 585 2726 petuum.

501 2729 542 2801 In
585 2727 687 2827 cujus
736 2727 788 2801 rei
830 2726 1072 2802 testimonium
1117 2726 1268 2826 presenti
1312 2726 1470 2826 sigillum
1514 2752 1632 2800 meum

422 2856 441 2903 a
491 2855 580 2902 osui.

442 2854 490 2929 pp
500 2933 595 3002 Data
637 2930 804 3003 Dovorra
846 2929 976 3004 ultimo
1017 2931 1076 3003 die
1120 2929 1211 3001 Maii
1253 2954 1347 3002 anno
1390 2929 1488 3028 regni
1524 2929 1633 3029 Regis

425 3030 590 3120 Henrici,
615 3032 731 3130 quarti
757 3047 838 3130 post
864 3047 1096 3130 conquestum
1121 3029 1263 3129 Anglie‚
1293 3030 1404 3102 tercio
1428 3029 1578 3104 decimo.
