3728 5256
447 500 516 573 190
802 475 984 550 novun
1010 474 1290 551 ennarrans

441 673 693 765 membrorum,
712 675 948 763 inveniantur,
962 677 1104 748 nomine
1114 675 1363 748 Withernamii
1377 674 1513 748 levand’
1530 703 1536 746 :
1567 699 1651 747 con-

441 777 672 875 similiterque
695 791 826 849 extunc
852 777 888 848 in
914 775 1079 850 omnibus
1095 775 1223 849 facient
1249 791 1364 874 partes
1389 776 1545 874 predicte
1570 792 1650 849 ante

440 877 577 951 dictum
598 876 784 977 quodlibet
811 893 948 950 certum
973 878 1244 977 parliamentum
1265 876 1363 976 quod
1389 877 1555 950 dominus
1573 877 1650 950 Rex

439 979 497 1050 vel
543 978 689 1052 heredes
735 978 788 1051 sui
823 978 988 1077 deinceps
1030 979 1238 1052 summoniri
1279 976 1383 1051 faciet
1424 978 1483 1052 vel
1522 977 1649 1051 facient

439 1078 476 1152 in
504 1077 654 1152 futuro:
698 1078 748 1153 Et
773 1081 942 1179 quociens
970 1081 1160 1180 contigerit
1189 1079 1366 1177 predictos
1401 1079 1580 1181 Majorem
1612 1095 1649 1152 et

440 1180 741 1254 Communitatem
759 1181 914 1278 predicte
931 1181 1014 1254 ville
1039 1183 1207 1254 Dovorre
1224 1180 1370 1254 heredes
1385 1197 1421 1253 et
1437 1205 1649 1254 successores

439 1307 521 1355 suos
537 1283 658 1382 aliquo
675 1283 784 1356 modo
800 1280 878 1356 fore
893 1297 1059 1382 gravatos
1074 1307 1135 1355 seu
1161 1283 1365 1357 molestatus
1380 1283 1559 1354 occasione
1577 1306 1648 1354 non

438 1383 705 1482 comparicionis
731 1398 791 1457 aut
818 1383 975 1456 absencie
1001 1384 1146 1456 Baronis
1173 1383 1221 1456 sic
1254 1383 1354 1456 electi
1382 1383 1539 1480 predicte
1566 1381 1649 1454 ville

439 1483 484 1558 de
511 1483 752 1575 ffaveresham,
779 1509 841 1582 per
868 1484 1046 1584 predictos
1075 1483 1253 1585 Majorem
1280 1499 1316 1556 et
1346 1485 1648 1558 communitatem

439 1583 533 1658 dicte
567 1585 651 1660 ville
678 1587 841 1659 Dovorre
874 1585 924 1659 sic
957 1587 1001 1659 ad
1035 1585 1178 1684 aliquod
1213 1600 1350 1658 certum
1378 1583 1647 1683 parliamentum

438 1701 670 1775 retornatum,
688 1685 847 1759 absencia
871 1712 931 1760 seu
957 1711 1029 1760 non
1046 1685 1304 1783 comparicione
1345 1685 1470 1759 redicti
1489 1684 1647 1786 ejusdem

439 1786 586 1861 Batonis
627 1787 722 1861 dicte
764 1785 847 1859 ville
889 1789 933 1862 de
977 1786 1205 1861 ffaveresham
1250 1710 1393 1885 preditis
1436 1787 1568 1886 Majori
1612 1803 1647 1858 et

439 1887 697 1961 Communitati
723 1887 878 1985 predicte
911 1887 995 1960 ville
1024 1889 1191 1962 Dovorre
1224 1887 1275 1962 et'
1293 1886 1549 1962 successoribus
1577 1887 1649 1958 suis

438 1988 651 2062 sufficienter
680 1987 869 2077 notificata,
893 1988 991 2088 quod
1016 2003 1102 2062 tunc
1132 1990 1265 2063 tociens
1292 1989 1437 2087 predicti
1466 1988 1587 2088 Major
1612 2004 1648 2060 et

439 2088 685 2164 Communitas
719 2089 875 2188 predicte
909 2089 992 2163 ville
1021 2091 1067 2163 de
1097 2089 1307 2164 ffaversham
1336 2089 1479 2163 heredes
1508 2107 1543 2162 et
1570 2114 1646 2161 suc-

438 2215 589 2262 cessores
621 2189 675 2264 sui
703 2189 857 2289 prefatos
886 2190 1065 2291 Majorem
1092 2207 1128 2264 et
1156 2191 1457 2264 communitatem
1492 2189 1648 2289 predicte

438 2288 521 2363 ville
555 2291 722 2364 Dovorre
755 2291 900 2366 heredes
928 2307 964 2364 et
998 2316 1211 2365 successores
1239 2316 1322 2364 suos
1350 2317 1432 2392 erga
1461 2290 1648 2364 dominum

440 2392 575 2491 Regem
592 2408 628 2465 et
649 2391 794 2465 heredes
811 2417 892 2465 suos
918 2393 962 2466 de
979 2391 1077 2465 dicto
1097 2393 1298 2493 gravamine
1318 2417 1379 2464 seu
1403 2391 1648 2466 molestatione

438 2517 477 2564 ac
505 2491 550 2565 de
575 2492 739 2566 omnibus
764 2493 870 2567 costis
894 2510 931 2566 et
955 2493 1116 2592 expensis
1140 2519 1181 2566 ea
1205 2493 1386 2566 occasione
1410 2493 1649 2592 quovismodo

439 2590 567 2666 habitis
612 2609 648 2667 et
681 2594 885 2668 sustentatis
929 2594 1087 2668 totaliter
1129 2593 1385 2668 conservabunt
1429 2594 1647 2692 indempnes,

438 2693 600 2768 modoet
626 2691 741 2767 forma
765 2695 1033 2795 districti[onis]
1060 2695 1220 2795 superius
1244 2695 1453 2794 specificato,
1471 2711 1508 2768 et
1533 2693 1649 2767 forma

437 2794 636 2869 litterarum
665 2812 701 2869 et
731 2821 911 2895 processus
941 2798 1083 2871 nomine
1113 2797 1376 2884 Withernamii,
1406 2796 1451 2869 de
1485 2794 1648 2869 omnibus

437 2894 539 2970 bonis
558 2913 593 2969 et
619 2897 750 2971 catallis
772 2898 1012 2995 predictorum
1031 2898 1181 2999 Majoris
1203 2913 1239 2970 et
1257 2897 1532 2972 Communitatis
1554 2895 1648 2969 dicte

437 2997 521 3070 ville
554 2997 599 3070 de
634 2997 842 3072 ffaversham
884 2999 1054 3073 heredum
1087 3016 1124 3072 et
1156 3023 1396 3072 successorum
1429 3022 1575 3071 suorum
1610 2997 1647 3068 in

437 3096 718 3198 quibuscumque
760 3099 853 3172 villis
902 3101 977 3174 sive
1019 3100 1104 3174 locis
1152 3099 1309 3198 quinque
1360 3115 1542 3198 portuum,
1585 3114 1646 3171 aut

437 3199 677 3272 membrorum
690 3224 847 3287 suorum,
858 3199 1095 3289 inveniantur,
1108 3199 1247 3272 levand’
1257 3216 1293 3273 et
1303 3199 1471 3273 tenend':
1500 3199 1647 3297 lnsuper

437 3299 523 3373 dicti
543 3298 665 3398 Major
681 3317 717 3372 et
735 3301 979 3375 Communitas
992 3302 1083 3375 dicte
1100 3300 1185 3374 ville
1203 3302 1370 3374 Dovorre
1386 3317 1422 3373 et
1434 3323 1648 3373 successores

436 3399 491 3498 sui
517 3399 657 3473 solvent
681 3402 776 3498 apud
808 3401 931 3474 villam
965 3405 1128 3475 Dovorre
1153 3403 1320 3500 predicte,
1358 3401 1534 3474 adfinem
1560 3400 1646 3473 dicti

439 3499 668 3599 parliamenti,
695 3501 824 3573 Baroni
850 3502 901 3574 illi
926 3502 1020 3576 dicte
1045 3503 1128 3576 ville
1153 3503 1198 3576 de
1223 3502 1432 3576 ffaversham
1458 3525 1576 3600 quem,
1604 3516 1644 3573 ut

436 3600 667 3700 premittitur,
701 3601 744 3674 ad
771 3602 915 3702 aliquod
945 3619 1081 3677 certum
1116 3603 1384 3702 parliamentum
1412 3603 1645 3701 imposterum

436 3700 582 3775 fecerint
607 3703 788 3791 retornari,
808 3720 868 3776 aut
894 3729 958 3777 suo
983 3720 1080 3778 certo
1105 3720 1293 3792 attornato,
1312 3729 1378 3804 pro
1402 3702 1562 3802 quolibet
1586 3702 1644 3774 die

437 3828 512 3902 quo
545 3803 813 3900 parliamentum
843 3803 932 3878 illud
958 3805 1002 3878 ad
1031 3806 1129 3904 quod
1162 3805 1211 3878 sic
1241 3820 1439 3879 retornatus
1472 3803 1644 3877 exstiterit

436 3904 564 4003 viginti
582 3904 743 3978 denarios
758 3905 1009 4006 sterlingorum
1029 3905 1207 4004 [proviso]
1226 3931 1362 4006 semper
1387 3907 1485 4005 quod
1502 3905 1645 4004 quando

437 4005 619 4105 continget
648 4032 770 4080 omnes
799 4008 952 4080 Barones
976 4007 1133 4105 quinque
1158 4023 1330 4104 portuum
1352 4007 1396 4080 ad
1426 4008 1494 4080 tale
1519 4005 1644 4103 parlia-

437 4122 598 4180 mentum
623 4107 752 4181 electos
776 4125 812 4182 et
839 4123 1048 4197 retornatos,
1072 4107 1186 4182 tribus
1210 4109 1267 4182 vel
1298 4105 1457 4206 pluribus
1481 4107 1645 4204 exceptis,

435 4206 575 4280 licentia
600 4208 735 4282 domini
763 4210 870 4309 Regis
894 4226 930 4283 et
955 4209 1126 4283 heredum
1150 4234 1295 4282 suorum
1320 4210 1365 4282 de
1394 4208 1492 4281 dicto
1521 4206 1643 4305 parlia-

437 4323 558 4381 mento
574 4309 698 4400 redire,
715 4324 752 4383 et
767 4311 871 4384 dictis
887 4308 1001 4384 tribus
1014 4309 1069 4384 vel
1086 4309 1245 4408 pluribus
1261 4309 1456 4384 Baronibus
1472 4333 1583 4407 usque
1599 4309 1643 4383 ad
