3738 5258
469 483 516 552 80
839 477 1019 552 DOVER
1046 475 1325 550 CHARTERS

463 656 600 730 cionem
618 673 742 731 contra
766 658 890 731 Cartas
918 673 955 730 et
980 655 1159 730 libertates
1188 655 1368 730 Beronum
1395 670 1567 753 portuum
1591 677 1673 750 pre-

463 758 655 850 dictorum,
698 785 718 832 a
752 759 914 832 Domino
950 759 1047 856 Rege
1080 775 1116 832 et
1146 756 1448 856 predecessoribus
1480 757 1554 827 suis
1588 779 1673 828 con-

464 859 630 952 firmatas,
665 877 702 934 et
727 859 895 933 hactenus
920 886 940 932 a
966 874 1128 958 tempore
1149 883 1224 958 quo
1250 857 1420 931 memoria
1446 881 1517 931 non
1552 855 1672 928 existit

465 977 614 1052 usuatas,
649 961 871 1034 continentes
904 961 1058 1060 quodsi
1119 961 1173 1032 uis
1206 975 1329 1032 contra
1355 957 1467 1032 dictas
1492 955 1673 1031 libertates

464 1077 657 1160 atemptare
691 1061 946 1160 presumpserit
979 1060 1068 1134 Cust
1118 1061 1325 1160 iQuinque
1360 1059 1537 1132 Portuum
1570 1082 1605 1130 x.
1633 1057 1671 1132 li.

464 1163 718 1263 sterlingorum
736 1162 871 1238 solvere
901 1177 1049 1252 tenetur,
1065 1161 1319 1261 quamquidem
1345 1160 1604 1234 districcionem
1631 1175 1672 1232 ut

464 1263 682 1361 premittitur
699 1263 791 1362 cepit
807 1264 927 1336 minus
946 1262 1037 1336 'uste
1053 1279 1089 1336 et
1107 1279 1229 1335 contra
1245 1261 1422 1335 libertates
1439 1259 1610 1358 predictas
1627 1259 1672 1334 ad

462 1364 658 1463 dampnum
673 1365 824 1465 Majoris
842 1364 927 1438 dicti
938 1287 1071 1438 i³ortus
1088 1389 1120 1440 x.
1133 1363 1184 1452 li.,
1196 1380 1233 1436 et
1250 1365 1286 1436 in
1303 1387 1408 1462 grave
1426 1375 1670 1460 contemptum

465 1465 612 1538 Domini
632 1466 749 1564 Regis,
769 1481 806 1538 et
825 1464 995 1538 Custodis
1012 1465 1100 1565 quin
1128 1489 1172 1537 ue
1198 1480 1380 1562 portuum,
1397 1479 1461 1539 etc.
1516 1461 1566 1535 Et
1593 1486 1674 1559 pre-

463 1566 582 1650 dictus
617 1565 800 1640 Henricus
830 1566 974 1639 veniens
1000 1583 1035 1638 et
1063 1489 1265 1654 deiendens,
1300 1565 1482 1662 respondit
1511 1581 1546 1636 et
1573 1563 1670 1652 dicit,

765 1667 864 1767 quod
883 1666 1016 1740 nullam
1040 1667 1302 1740 districcionem
1329 1668 1421 1763 cepit
1447 1663 1540 1737 infra
1565 1663 1672 1736 liber-

464 1768 649 1862 Preceptunr
667 1785 720 1844 est.
765 1785 875 1841 tatem
900 1793 998 1840 suam
1016 1783 1052 1840 et
1081 1767 1170 1866 petit
1195 1767 1292 1867 quod
1320 1767 1530 1865 inquiratur.
1585 1765 1672 1838 ldeo

767 1887 973 1967 preceptum
990 1885 1054 1941 est.
1084 1925 1092 1944 .
1122 1927 1130 1942 .
1160 1927 1167 1943 .

538 2045 651 2117 Breve
667 2044 803 2118 domini
822 2045 930 2143 Regis
946 2044 1122 2117 directum
1148 2042 1217 2117 fuit
1244 2043 1394 2117 Custodi
1412 2045 1570 2143 quinque
1591 2070 1671 2142 por-

464 2161 568 2217 tuum
596 2146 721 2218 harum
748 2147 872 2218 seriem
889 2147 1081 2221 continens.

538 2322 743 2413 Edwardus,
761 2339 831 2411 etc.‚
856 2322 1063 2395 Mandanus
1080 2321 1175 2395 vobis
1201 2322 1289 2419 quod
1309 2325 1521 2396 executionem
1540 2321 1673 2414 Judicii

463 2441 572 2518 nuper
600 2423 724 2496 redditi
753 2427 788 2495 in
821 2423 927 2498 Curia
953 2439 1062 2494 nostra
1095 2421 1253 2495 Dovorre
1282 2424 1322 2495 de
1347 2423 1473 2520 loquela
1492 2447 1551 2520 que
1568 2443 1672 2519 nuper

455 2523 532 2619 finit
556 2525 590 2595 in
618 2525 726 2596 eadem
758 2526 862 2597 Curia
889 2545 997 2596 coram
1026 2524 1249 2596 Bartholorneo
1267 2525 1307 2596 de
1324 2524 1548 2620 Burghesshe,
1567 2543 1672 2621 nuper

467 2624 718 2697 Constabuhrio
750 2626 859 2697 Castri
886 2642 919 2697 et
946 2625 1081 2697 Custode
1105 2643 1258 2720 portuum
1286 2625 1469 2712 eorundem,
1487 2628 1557 2698 sine
1574 2625 1673 2698 brein

463 2744 579 2814 nostro,
613 2729 701 2799 inter
719 2725 951 2798 Godescnlcurn
974 2725 1177 2798 Bredenelite
1196 2729 1415 2798 Mercatorern
1436 2727 1616 2798 Almannie
1643 2747 1675 2799 et

463 2829 550 2899 inter
576 2829 743 2923 Majorern
770 2845 802 2899 et
827 2826 979 2899 Ballivos
1001 2827 1083 2899 ville
1109 2827 1149 2898 de
1171 2827 1364 2921 Wynclulse‚
1384 2827 1553 2900 decatallis
1571 2829 1673 2922 ipsius

467 2927 658 3001 Godescnlci
681 2931 784 3024 captis
800 2947 833 2999 et
847 2929 967 3024 injuste
984 2928 1117 3000 detentis
1144 2943 1182 3002 ut
1206 2928 1390 3016 dicebatur,
1420 2931 1488 3000 sine
1517 2927 1673 3001 dilutione

459 3027 538 3116 fieri
543 3029 692 3124 faciatis.
747 3028 852 3119 Teste,
870 3046 941 3119 etc.,
958 3055 991 3100 ιι.
1009 3030 1061 3102 die
1079 3029 1218 3122 Aprilis,
1236 3045 1416 3120 etc.,÷¹anno
1432 3031 1537 3125 nunr‘j',
1555 3047 1611 3100 etc.

539 3231 683 3305 Virtute
709 3231 809 3332 cujus
834 3231 951 3306 brevis
976 3231 1183 3304 mandatum
1211 3228 1280 3302 fuit
1306 3229 1442 3330 Majori
1471 3247 1507 3303 et
1533 3229 1674 3305 Ballivo

464 3334 510 3408 de
545 3332 760 3430 Wynchelse
794 3333 893 3431 quod
919 3332 1006 3404 scire
1032 3328 1186 3403 facerent
1212 3330 1402 3403 Valentino
1428 3332 1472 3404 de
1498 3331 1674 3425 Dovorra,

467 3433 645 3534 Majorem
687 3434 726 3532 [l]
776 3431 872 3505 dicte
922 3431 1005 3506 ville
1063 3450 1224 3529 tempore
1275 3432 1445 3530 captionis
1494 3433 1673 3507 dictorum

465 3535 653 3624 bonorum,
677 3551 714 3607 et
740 3531 936 3606 vincencio
963 3531 1089 3605 ffinche
1114 3549 1200 3606 tunc
1226 3531 1364 3605 Ballivo
1389 3532 1472 3608 ville
1506 3534 1672 3630 predicte.

465 3635 515 3710 Et
532 3651 715 3709 retornant
732 3634 942 3707 mandatum
960 3657 1065 3706 suum
1091 3633 1127 3705 in
1153 3633 1218 3706 hac
1234 3631 1360 3706 forma
1414 3633 1507 3707 Scire
1525 3633 1674 3710 fecimus

464 3786 657 3860 Vincencio
674 3785 808 3874 ffinche,
830 3809 892 3884 per
918 3733 1380 3935 [lgffigfflmGgffsskrke'
1409 3735 1430 3933 J
1466 3784 1675 3860 Valentinus

464 3939 509 4012 de
527 3939 695 4012 Dovorra
721 3952 886 4010 mortuus
912 3954 988 4011 est:
1017 3936 1067 4009 Et
1093 3935 1208 4010 dictus
1234 3935 1447 4011 vincencius
1470 3962 1611 4035 presens
1637 3935 1674 4008 in

466 4037 577 4111 Curia
601 4037 691 4136 petit
721 4038 850 4110 auditis
875 4037 1023 4112 recordo
1048 4053 1084 4112 et
1109 4062 1276 4136 processu
1306 4037 1394 4112 dicti
1422 4037 1463 4136 [l]
1493 4063 1679 4138 recupera-

465 4138 584 4228 tionis,
602 4138 732 4238 quibus
760 4139 872 4228 lectis,
889 4139 1006 4212 dictus
1031 4139 1243 4212 Vincencius
1269 4138 1445 4212 allocutus
1473 4139 1592 4238 siquid
1610 4163 1677 4237 pro

465 4267 501 4314 se
519 4241 642 4314 habeat
661 4241 717 4313 vel
735 4239 852 4314 dicere
869 4240 955 4314 sciat
973 4265 1082 4340 quare
1098 4239 1193 4312 dicta
1210 4237 1332 4312 catalla
1357 4240 1394 4313 in
1412 4239 1510 4313 dicto
1527 4241 1677 4313 recordo

464 4357 630 4415 contenta
655 4343 700 4416 de
728 4339 830 4415 bonis
856 4357 892 4415 et
919 4341 1050 4415 catallis
1076 4342 1148 4413 suis
1175 4341 1370 4416 secundum
1405 4339 1557 4416 formam
1588 4340 1675 4415 dicti
