<?xml version="1.0" encoding="UTF-8"?>
<!DOCTYPE html PUBLIC "-//W3C//DTD XHTML 1.0 Transitional//EN"
    "http://www.w3.org/TR/xhtml1/DTD/xhtml1-transitional.dtd">
<html xmlns="http://www.w3.org/1999/xhtml" xml:lang="en" lang="en">
 <head>
  <title>
</title>
<meta http-equiv="Content-Type" content="text/html;charset=utf-8" />
  <meta name='ocr-system' content='tesseract 3.04.00' />
  <meta name='ocr-capabilities' content='ocr_page ocr_carea ocr_par ocr_line ocrx_word'/>
</head>
<body>
  <div class='ocr_page' id='page_1' title='image "./doverchartersan01statgoog_0259.png"; bbox 0 0 3724 5256; ppageno 0'>
   <div class='ocr_carea' id='block_1_1' title="bbox 445 455 1291 547">
    <p class='ocr_par' dir='ltr' id='par_1_1' title="bbox 445 455 1291 547">
     <span class='ocr_line' id='line_1_1' title="bbox 445 455 1291 547; baseline 0.006 -21"><span class='ocrx_word' id='word_1_1' title='bbox 445 471 517 547; x_wconf 86' lang='lat'>224</span> <span class='ocrx_word' id='word_1_2' title='bbox 805 455 984 530; x_wconf 73' lang='lat' dir='ltr'>noves</span> <span class='ocrx_word' id='word_1_3' title='bbox 1011 455 1291 531; x_wconf 68' lang='lat' dir='ltr'>turtureus</span> 
     </span>
    </p>
   </div>
   <div class='ocr_carea' id='block_1_2' title="bbox 814 656 1275 912">
    <p class='ocr_par' dir='ltr' id='par_1_2' title="bbox 814 656 1275 912">
     <span class='ocr_line' id='line_1_2' title="bbox 947 656 1146 738; baseline 0.015 -3"><span class='ocrx_word' id='word_1_4' title='bbox 947 656 984 735; x_wconf 89' lang='lat' dir='ltr'>L</span> <span class='ocrx_word' id='word_1_5' title='bbox 997 657 1041 736; x_wconf 87' lang='lat' dir='ltr'>X</span> <span class='ocrx_word' id='word_1_6' title='bbox 1057 657 1101 737; x_wconf 86' lang='lat' dir='ltr'>X</span> <span class='ocrx_word' id='word_1_7' title='bbox 1114 656 1146 738; x_wconf 88' lang='lat'>1.</span> 
     </span>
     <span class='ocr_line' id='line_1_3' title="bbox 814 829 1275 912; baseline 0.009 -18"><span class='ocrx_word' id='word_1_8' title='bbox 814 849 895 894; x_wconf 93' lang='lat' dir='ltr'>xxx</span> <span class='ocrx_word' id='word_1_9' title='bbox 915 829 1013 911; x_wconf 87' lang='lat' dir='ltr'>Julii,</span> <span class='ocrx_word' id='word_1_10' title='bbox 1034 843 1076 912; x_wconf 79' lang='lat'>25</span> <span class='ocrx_word' id='word_1_11' title='bbox 1098 831 1190 898; x_wconf 84' lang='lat' dir='ltr'>Heu.</span> <span class='ocrx_word' id='word_1_12' title='bbox 1212 831 1275 898; x_wconf 89' lang='lat' dir='ltr'>v1.</span> 
     </span>
    </p>
   </div>
   <div class='ocr_carea' id='block_1_3' title="bbox 438 985 1651 4191">
    <p class='ocr_par' dir='ltr' id='par_1_3' title="bbox 438 985 1651 3181">
     <span class='ocr_line' id='line_1_4' title="bbox 444 985 1649 1088; baseline -0.002 -29"><span class='ocrx_word' id='word_1_13' title='bbox 444 987 592 1060; x_wconf 68' lang='lat' dir='ltr'>Serani*</span> <span class='ocrx_word' id='word_1_14' title='bbox 626 1003 804 1088; x_wconf 84' lang='lat' dir='ltr'>presentes</span> <span class='ocrx_word' id='word_1_15' title='bbox 837 1001 873 1059; x_wconf 89' lang='lat' dir='ltr'>et</span> <span class='ocrx_word' id='word_1_16' title='bbox 898 985 1013 1061; x_wconf 91' lang='lat' dir='ltr'>futuri</span> <span class='ocrx_word' id='word_1_17' title='bbox 1047 988 1147 1087; x_wconf 91' lang='lat' dir='ltr'>quod</span> <span class='ocrx_word' id='word_1_18' title='bbox 1172 1011 1251 1087; x_wconf 86' lang='lat' dir='ltr'>ego,</span> <span class='ocrx_word' id='word_1_19' title='bbox 1281 987 1491 1086; x_wconf 86' lang='lat' dir='ltr'>Radulphus</span> <span class='ocrx_word' id='word_1_20' title='bbox 1533 985 1649 1073; x_wconf 85' lang='lat' dir='ltr'>Toke,</span> 
     </span>
     <span class='ocr_line' id='line_1_5' title="bbox 441 1087 1650 1188; baseline -0.002 -28"><span class='ocrx_word' id='word_1_21' title='bbox 441 1087 602 1188; x_wconf 81' lang='lat' dir='ltr'>armiger,</span> <span class='ocrx_word' id='word_1_22' title='bbox 631 1088 751 1188; x_wconf 90' lang='lat' dir='ltr'>Major</span> <span class='ocrx_word' id='word_1_23' title='bbox 777 1087 907 1160; x_wconf 86' lang='lat' dir='ltr'>Portus</span> <span class='ocrx_word' id='word_1_24' title='bbox 933 1089 1107 1178; x_wconf 87' lang='lat' dir='ltr'>Dovorre,</span> <span class='ocrx_word' id='word_1_25' title='bbox 1138 1088 1281 1163; x_wconf 90' lang='lat' dir='ltr'>nomine</span> <span class='ocrx_word' id='word_1_26' title='bbox 1305 1105 1341 1162; x_wconf 90' lang='lat' dir='ltr'>et</span> <span class='ocrx_word' id='word_1_27' title='bbox 1370 1113 1511 1162; x_wconf 84' lang='lat' dir='ltr'>assensu</span> <span class='ocrx_word' id='word_1_28' title='bbox 1536 1087 1650 1160; x_wconf 92' lang='lat' dir='ltr'>tocius</span> 
     </span>
     <span class='ocr_line' id='line_1_6' title="bbox 443 1187 1650 1287; baseline -0.002 -25"><span class='ocrx_word' id='word_1_29' title='bbox 443 1187 715 1262; x_wconf 88' lang='lat' dir='ltr'>Communitatis</span> <span class='ocrx_word' id='word_1_30' title='bbox 755 1187 914 1287; x_wconf 89' lang='lat' dir='ltr'>ejusdem</span> <span class='ocrx_word' id='word_1_31' title='bbox 957 1189 1087 1264; x_wconf 87' lang='lat' dir='ltr'>Portus</span> <span class='ocrx_word' id='word_1_32' title='bbox 1115 1189 1232 1264; x_wconf 86' lang='lat' dir='ltr'>dimisi</span> <span class='ocrx_word' id='word_1_33' title='bbox 1268 1189 1467 1278; x_wconf 82' lang='lat' dir='ltr'>deliberavi,</span> <span class='ocrx_word' id='word_1_34' title='bbox 1501 1204 1549 1277; x_wconf 90' lang='lat' dir='ltr'>et,</span> <span class='ocrx_word' id='word_1_35' title='bbox 1587 1187 1650 1260; x_wconf 85' lang='lat' dir='ltr'>hac</span> 
     </span>
     <span class='ocr_line' id='line_1_7' title="bbox 441 1287 1650 1386; baseline -0.003 -23"><span class='ocrx_word' id='word_1_36' title='bbox 441 1290 594 1386; x_wconf 81' lang='lat' dir='ltr'>presenti</span> <span class='ocrx_word' id='word_1_37' title='bbox 621 1305 715 1362; x_wconf 87' lang='lat' dir='ltr'>carta</span> <span class='ocrx_word' id='word_1_38' title='bbox 730 1314 809 1362; x_wconf 89' lang='lat' dir='ltr'>mea</span> <span class='ocrx_word' id='word_1_39' title='bbox 833 1289 1024 1379; x_wconf 86' lang='lat' dir='ltr'>indentata,</span> <span class='ocrx_word' id='word_1_40' title='bbox 1042 1289 1246 1365; x_wconf 85' lang='lat' dir='ltr'>confirmavi</span> <span class='ocrx_word' id='word_1_41' title='bbox 1264 1289 1450 1366; x_wconf 88' lang='lat' dir='ltr'>Willelmo</span> <span class='ocrx_word' id='word_1_42' title='bbox 1467 1287 1650 1385; x_wconf 80' lang='lat' dir='ltr'>Hawkys-</span> 
     </span>
     <span class='ocr_line' id='line_1_8' title="bbox 442 1389 1647 1493; baseline -0.001 -31"><span class='ocrx_word' id='word_1_43' title='bbox 442 1389 552 1478; x_wconf 81' lang='lat' dir='ltr'>welle,</span> <span class='ocrx_word' id='word_1_44' title='bbox 570 1389 709 1480; x_wconf 91' lang='lat' dir='ltr'>clerico,</span> <span class='ocrx_word' id='word_1_45' title='bbox 728 1415 834 1464; x_wconf 90' lang='lat' dir='ltr'>unam</span> <span class='ocrx_word' id='word_1_46' title='bbox 860 1391 994 1491; x_wconf 86' lang='lat' dir='ltr'>peciam</span> <span class='ocrx_word' id='word_1_47' title='bbox 1020 1408 1111 1465; x_wconf 87' lang='lat' dir='ltr'>terre</span> <span class='ocrx_word' id='word_1_48' title='bbox 1130 1391 1306 1493; x_wconf 87' lang='lat' dir='ltr'>jacentem</span> <span class='ocrx_word' id='word_1_49' title='bbox 1334 1390 1426 1464; x_wconf 84' lang='lat' dir='ltr'>infra</span> <span class='ocrx_word' id='word_1_50' title='bbox 1451 1389 1647 1464; x_wconf 86' lang='lat' dir='ltr'>libertatem</span> 
     </span>
     <span class='ocr_line' id='line_1_9' title="bbox 442 1489 1651 1592; baseline 0 -30"><span class='ocrx_word' id='word_1_51' title='bbox 442 1489 572 1565; x_wconf 86' lang='lat' dir='ltr'>Portus</span> <span class='ocrx_word' id='word_1_52' title='bbox 606 1492 782 1580; x_wconf 85' lang='lat' dir='ltr'>Dovorre,</span> <span class='ocrx_word' id='word_1_53' title='bbox 816 1506 852 1563; x_wconf 90' lang='lat' dir='ltr'>et</span> <span class='ocrx_word' id='word_1_54' title='bbox 889 1491 926 1564; x_wconf 92' lang='lat' dir='ltr'>in</span> <span class='ocrx_word' id='word_1_55' title='bbox 962 1489 1253 1591; x_wconf 84' lang='lat' dir='ltr'>Horspolwarde,</span> <span class='ocrx_word' id='word_1_56' title='bbox 1287 1506 1397 1592; x_wconf 91' lang='lat' dir='ltr'>prout</span> <span class='ocrx_word' id='word_1_57' title='bbox 1433 1491 1526 1592; x_wconf 88' lang='lat' dir='ltr'>jacet</span> <span class='ocrx_word' id='word_1_58' title='bbox 1559 1491 1651 1564; x_wconf 89' lang='lat' dir='ltr'>inter</span> 
     </span>
     <span class='ocr_line' id='line_1_10' title="bbox 442 1591 1650 1692; baseline -0.001 -28"><span class='ocrx_word' id='word_1_59' title='bbox 442 1591 589 1692; x_wconf 85' lang='lat' dir='ltr'>Regiam</span> <span class='ocrx_word' id='word_1_60' title='bbox 614 1608 758 1666; x_wconf 83' lang='lat' dir='ltr'>stratam</span> <span class='ocrx_word' id='word_1_61' title='bbox 782 1617 907 1667; x_wconf 84' lang='lat' dir='ltr'>versus</span> <span class='ocrx_word' id='word_1_62' title='bbox 933 1594 1051 1682; x_wconf 86' lang='lat' dir='ltr'>north,</span> <span class='ocrx_word' id='word_1_63' title='bbox 1069 1609 1106 1666; x_wconf 93' lang='lat' dir='ltr'>et</span> <span class='ocrx_word' id='word_1_64' title='bbox 1130 1609 1259 1667; x_wconf 87' lang='lat' dir='ltr'>terram</span> <span class='ocrx_word' id='word_1_65' title='bbox 1281 1593 1421 1668; x_wconf 86' lang='lat' dir='ltr'>Ricardi</span> <span class='ocrx_word' id='word_1_66' title='bbox 1438 1593 1650 1668; x_wconf 88' lang='lat' dir='ltr'>Shortstrete</span> 
     </span>
     <span class='ocr_line' id='line_1_11' title="bbox 441 1692 1646 1796; baseline -0.002 -30"><span class='ocrx_word' id='word_1_67' title='bbox 441 1692 549 1766; x_wconf 87' lang='lat' dir='ltr'>south</span> <span class='ocrx_word' id='word_1_68' title='bbox 574 1709 611 1767; x_wconf 92' lang='lat' dir='ltr'>et</span> <span class='ocrx_word' id='word_1_69' title='bbox 635 1710 732 1783; x_wconf 77' lang='lat' dir='ltr'>west,</span> <span class='ocrx_word' id='word_1_70' title='bbox 749 1718 788 1766; x_wconf 86' lang='lat' dir='ltr'>ac</span> <span class='ocrx_word' id='word_1_71' title='bbox 814 1694 1032 1794; x_wconf 80' lang='lat' dir='ltr'>mesuagium</span> <span class='ocrx_word' id='word_1_72' title='bbox 1052 1693 1209 1796; x_wconf 90' lang='lat' dir='ltr'>ejusdem</span> <span class='ocrx_word' id='word_1_73' title='bbox 1233 1693 1406 1768; x_wconf 87' lang='lat' dir='ltr'>Willelmi</span> <span class='ocrx_word' id='word_1_74' title='bbox 1429 1717 1551 1767; x_wconf 88' lang='lat' dir='ltr'>versus</span> <span class='ocrx_word' id='word_1_75' title='bbox 1571 1707 1646 1764; x_wconf 91' lang='lat' dir='ltr'>est:</span> 
     </span>
     <span class='ocr_line' id='line_1_12' title="bbox 441 1791 1650 1894; baseline 0 -29"><span class='ocrx_word' id='word_1_76' title='bbox 441 1792 591 1867; x_wconf 87' lang='lat' dir='ltr'>habend’</span> <span class='ocrx_word' id='word_1_77' title='bbox 617 1812 653 1869; x_wconf 91' lang='lat' dir='ltr'>et</span> <span class='ocrx_word' id='word_1_78' title='bbox 679 1793 821 1868; x_wconf 85' lang='lat' dir='ltr'>tenend&#39;</span> <span class='ocrx_word' id='word_1_79' title='bbox 841 1795 1033 1892; x_wconf 76' lang='lat' dir='ltr'>predictam</span> <span class='ocrx_word' id='word_1_80' title='bbox 1059 1812 1189 1869; x_wconf 88' lang='lat' dir='ltr'>terram</span> <span class='ocrx_word' id='word_1_81' title='bbox 1215 1819 1296 1868; x_wconf 90' lang='lat' dir='ltr'>cum</span> <span class='ocrx_word' id='word_1_82' title='bbox 1323 1795 1395 1870; x_wconf 88' lang='lat' dir='ltr'>suis</span> <span class='ocrx_word' id='word_1_83' title='bbox 1424 1791 1650 1894; x_wconf 86' lang='lat' dir='ltr'>pertinenciis</span> 
     </span>
     <span class='ocr_line' id='line_1_13' title="bbox 441 1892 1649 1996; baseline -0.002 -29"><span class='ocrx_word' id='word_1_84' title='bbox 441 1893 578 1992; x_wconf 87' lang='lat' dir='ltr'>prefato</span> <span class='ocrx_word' id='word_1_85' title='bbox 594 1893 779 1970; x_wconf 90' lang='lat' dir='ltr'>Willelmo</span> <span class='ocrx_word' id='word_1_86' title='bbox 804 1895 994 1970; x_wconf 88' lang='lat' dir='ltr'>heredibus</span> <span class='ocrx_word' id='word_1_87' title='bbox 1018 1912 1054 1969; x_wconf 88' lang='lat' dir='ltr'>et</span> <span class='ocrx_word' id='word_1_88' title='bbox 1071 1896 1254 1996; x_wconf 85' lang='lat' dir='ltr'>assignatis</span> <span class='ocrx_word' id='word_1_89' title='bbox 1278 1895 1373 1969; x_wconf 88' lang='lat' dir='ltr'>suis:</span> <span class='ocrx_word' id='word_1_90' title='bbox 1403 1893 1550 1969; x_wconf 82' lang='lat' dir='ltr'>faciend⁸</span> <span class='ocrx_word' id='word_1_91' title='bbox 1567 1892 1649 1967; x_wconf 90' lang='lat' dir='ltr'>inde</span> 
     </span>
     <span class='ocr_line' id='line_1_14' title="bbox 440 1995 1650 2098; baseline -0.002 -28"><span class='ocrx_word' id='word_1_92' title='bbox 440 1995 628 2070; x_wconf 81' lang='lat' dir='ltr'>servicium</span> <span class='ocrx_word' id='word_1_93' title='bbox 658 1996 793 2070; x_wconf 91' lang='lat' dir='ltr'>domini</span> <span class='ocrx_word' id='word_1_94' title='bbox 829 1997 938 2098; x_wconf 84' lang='lat' dir='ltr'>Regis</span> <span class='ocrx_word' id='word_1_95' title='bbox 965 1998 1158 2072; x_wconf 89' lang='lat' dir='ltr'>secundum</span> <span class='ocrx_word' id='word_1_96' title='bbox 1193 1996 1485 2071; x_wconf 87' lang='lat' dir='ltr'>consuetudinem</span> <span class='ocrx_word' id='word_1_97' title='bbox 1521 1995 1650 2069; x_wconf 88' lang='lat' dir='ltr'>Portus</span> 
     </span>
     <span class='ocr_line' id='line_1_15' title="bbox 441 2095 1650 2197; baseline -0.001 -28"><span class='ocrx_word' id='word_1_98' title='bbox 441 2096 588 2194; x_wconf 89' lang='lat' dir='ltr'>predicti</span> <span class='ocrx_word' id='word_1_99' title='bbox 607 2121 687 2170; x_wconf 91' lang='lat' dir='ltr'>cum</span> <span class='ocrx_word' id='word_1_100' title='bbox 704 2097 880 2186; x_wconf 89' lang='lat' dir='ltr'>acciderit,</span> <span class='ocrx_word' id='word_1_101' title='bbox 897 2123 937 2171; x_wconf 92' lang='lat' dir='ltr'>ac</span> <span class='ocrx_word' id='word_1_102' title='bbox 959 2097 1026 2171; x_wconf 87' lang='lat' dir='ltr'>alia</span> <span class='ocrx_word' id='word_1_103' title='bbox 1042 2098 1125 2172; x_wconf 90' lang='lat' dir='ltr'>inde</span> <span class='ocrx_word' id='word_1_104' title='bbox 1147 2097 1294 2172; x_wconf 87' lang='lat' dir='ltr'>servicia</span> <span class='ocrx_word' id='word_1_105' title='bbox 1318 2097 1435 2172; x_wconf 86' lang='lat' dir='ltr'>debita</span> <span class='ocrx_word' id='word_1_106' title='bbox 1451 2112 1487 2171; x_wconf 90' lang='lat' dir='ltr'>et</span> <span class='ocrx_word' id='word_1_107' title='bbox 1504 2095 1548 2170; x_wconf 89' lang='lat' dir='ltr'>de</span> <span class='ocrx_word' id='word_1_108' title='bbox 1568 2095 1650 2197; x_wconf 90' lang='lat' dir='ltr'>jure</span> 
     </span>
     <span class='ocr_line' id='line_1_16' title="bbox 441 2196 1650 2295; baseline -0.001 -25"><span class='ocrx_word' id='word_1_109' title='bbox 441 2214 630 2272; x_wconf 87' lang='lat' dir='ltr'>consueta:</span> <span class='ocrx_word' id='word_1_110' title='bbox 670 2214 706 2272; x_wconf 86' lang='lat' dir='ltr'>et</span> <span class='ocrx_word' id='word_1_111' title='bbox 740 2197 889 2272; x_wconf 81' lang='lat' dir='ltr'>ulterius</span> <span class='ocrx_word' id='word_1_112' title='bbox 921 2197 1005 2272; x_wconf 92' lang='lat' dir='ltr'>inde</span> <span class='ocrx_word' id='word_1_113' title='bbox 1034 2197 1204 2273; x_wconf 87' lang='lat' dir='ltr'>reddend&#39;</span> <span class='ocrx_word' id='word_1_114' title='bbox 1233 2196 1349 2272; x_wconf 89' lang='lat' dir='ltr'>eidem</span> <span class='ocrx_word' id='word_1_115' title='bbox 1378 2196 1583 2295; x_wconf 87' lang='lat' dir='ltr'>Radulpho,</span> <span class='ocrx_word' id='word_1_116' title='bbox 1612 2212 1650 2269; x_wconf 94' lang='lat' dir='ltr'>et</span> 
     </span>
     <span class='ocr_line' id='line_1_17' title="bbox 439 2298 1650 2414; baseline -0.002 -43"><span class='ocrx_word' id='word_1_117' title='bbox 439 2299 697 2372; x_wconf 80' lang='lat' dir='ltr'>successoribus</span> <span class='ocrx_word' id='word_1_118' title='bbox 713 2298 785 2372; x_wconf 91' lang='lat' dir='ltr'>suis</span> <span class='ocrx_word' id='word_1_119' title='bbox 804 2299 1003 2400; x_wconf 87' lang='lat' dir='ltr'>Majoribus</span> <span class='ocrx_word' id='word_1_120' title='bbox 1016 2299 1149 2374; x_wconf 90' lang='lat' dir='ltr'>Portus</span> <span class='ocrx_word' id='word_1_121' title='bbox 1161 2298 1322 2397; x_wconf 89' lang='lat' dir='ltr'>predicti,</span> <span class='ocrx_word' id='word_1_122' title='bbox 1335 2299 1398 2414; x_wconf 81' lang='lat' dir='ltr'>qui</span> <span class='ocrx_word' id='word_1_123' title='bbox 1412 2323 1479 2396; x_wconf 90' lang='lat' dir='ltr'>pro</span> <span class='ocrx_word' id='word_1_124' title='bbox 1490 2315 1650 2395; x_wconf 89' lang='lat' dir='ltr'>tempore</span> 
     </span>
     <span class='ocr_line' id='line_1_18' title="bbox 440 2397 1648 2499; baseline 0.001 -28"><span class='ocrx_word' id='word_1_125' title='bbox 440 2416 546 2474; x_wconf 92' lang='lat' dir='ltr'>erunt</span> <span class='ocrx_word' id='word_1_126' title='bbox 579 2398 616 2472; x_wconf 94' lang='lat' dir='ltr'>in</span> <span class='ocrx_word' id='word_1_127' title='bbox 643 2397 777 2488; x_wconf 90' lang='lat' dir='ltr'>futuro,</span> <span class='ocrx_word' id='word_1_128' title='bbox 810 2399 855 2474; x_wconf 90' lang='lat' dir='ltr'>ad</span> <span class='ocrx_word' id='word_1_129' title='bbox 891 2401 1040 2475; x_wconf 89' lang='lat' dir='ltr'>Festum</span> <span class='ocrx_word' id='word_1_130' title='bbox 1066 2401 1197 2474; x_wconf 85' lang='lat' dir='ltr'>Pasche</span> <span class='ocrx_word' id='word_1_131' title='bbox 1230 2399 1379 2499; x_wconf 81' lang='lat' dir='ltr'>singulis</span> <span class='ocrx_word' id='word_1_132' title='bbox 1411 2399 1511 2472; x_wconf 91' lang='lat' dir='ltr'>annis</span> <span class='ocrx_word' id='word_1_133' title='bbox 1535 2423 1648 2472; x_wconf 88' lang='lat' dir='ltr'>unum</span> 
     </span>
     <span class='ocr_line' id='line_1_19' title="bbox 439 2499 1648 2598; baseline -0.002 -24"><span class='ocrx_word' id='word_1_134' title='bbox 439 2501 624 2575; x_wconf 73' lang='lat' dir='ltr'>manualem</span> <span class='ocrx_word' id='word_1_135' title='bbox 634 2500 814 2575; x_wconf 89' lang='lat' dir='ltr'>redditum</span> <span class='ocrx_word' id='word_1_136' title='bbox 825 2501 935 2575; x_wconf 90' lang='lat' dir='ltr'>trium</span> <span class='ocrx_word' id='word_1_137' title='bbox 947 2501 1173 2575; x_wconf 88' lang='lat' dir='ltr'>denariorum</span> <span class='ocrx_word' id='word_1_138' title='bbox 1185 2500 1358 2590; x_wconf 85' lang='lat' dir='ltr'>solvend’,</span> <span class='ocrx_word' id='word_1_139' title='bbox 1375 2516 1411 2573; x_wconf 92' lang='lat' dir='ltr'>et</span> <span class='ocrx_word' id='word_1_140' title='bbox 1424 2500 1452 2573; x_wconf 93' lang='lat' dir='ltr'>si</span> <span class='ocrx_word' id='word_1_141' title='bbox 1466 2499 1648 2598; x_wconf 84' lang='lat' dir='ltr'>contingat</span> 
     </span>
     <span class='ocr_line' id='line_1_20' title="bbox 440 2599 1647 2677; baseline -0.002 -2"><span class='ocrx_word' id='word_1_142' title='bbox 440 2601 576 2676; x_wconf 91' lang='lat' dir='ltr'>dictum</span> <span class='ocrx_word' id='word_1_143' title='bbox 593 2601 776 2676; x_wconf 82' lang='lat' dir='ltr'>annualem</span> <span class='ocrx_word' id='word_1_144' title='bbox 793 2602 973 2676; x_wconf 89' lang='lat' dir='ltr'>redditum</span> <span class='ocrx_word' id='word_1_145' title='bbox 984 2602 1028 2676; x_wconf 88' lang='lat' dir='ltr'>ad</span> <span class='ocrx_word' id='word_1_146' title='bbox 1045 2602 1183 2677; x_wconf 89' lang='lat' dir='ltr'>dictum</span> <span class='ocrx_word' id='word_1_147' title='bbox 1200 2599 1331 2676; x_wconf 81' lang='lat' dir='ltr'>festun</span> <span class='ocrx_word' id='word_1_148' title='bbox 1348 2616 1464 2675; x_wconf 87' lang='lat' dir='ltr'>aretro</span> <span class='ocrx_word' id='word_1_149' title='bbox 1479 2599 1557 2674; x_wconf 85' lang='lat' dir='ltr'>fore</span> <span class='ocrx_word' id='word_1_150' title='bbox 1575 2625 1647 2674; x_wconf 91' lang='lat' dir='ltr'>non</span> 
     </span>
     <span class='ocr_line' id='line_1_21' title="bbox 439 2700 1648 2803; baseline -0.002 -26"><span class='ocrx_word' id='word_1_151' title='bbox 439 2700 598 2777; x_wconf 91' lang='lat' dir='ltr'>solutum</span> <span class='ocrx_word' id='word_1_152' title='bbox 615 2729 676 2777; x_wconf 85' lang='lat' dir='ltr'>seu</span> <span class='ocrx_word' id='word_1_153' title='bbox 693 2719 814 2802; x_wconf 91' lang='lat' dir='ltr'>postea</span> <span class='ocrx_word' id='word_1_154' title='bbox 829 2728 891 2802; x_wconf 90' lang='lat' dir='ltr'>per</span> <span class='ocrx_word' id='word_1_155' title='bbox 908 2728 1020 2777; x_wconf 91' lang='lat' dir='ltr'>unum</span> <span class='ocrx_word' id='word_1_156' title='bbox 1037 2727 1193 2778; x_wconf 87' lang='lat' dir='ltr'>mensem</span> <span class='ocrx_word' id='word_1_157' title='bbox 1210 2704 1309 2803; x_wconf 92' lang='lat' dir='ltr'>quod</span> <span class='ocrx_word' id='word_1_158' title='bbox 1326 2719 1412 2776; x_wconf 93' lang='lat' dir='ltr'>tunc</span> <span class='ocrx_word' id='word_1_159' title='bbox 1428 2701 1564 2775; x_wconf 90' lang='lat' dir='ltr'>licitum</span> <span class='ocrx_word' id='word_1_160' title='bbox 1580 2701 1648 2774; x_wconf 92' lang='lat' dir='ltr'>erit</span> 
     </span>
     <span class='ocr_line' id='line_1_22' title="bbox 439 2802 1648 2903; baseline 0 -27"><span class='ocrx_word' id='word_1_161' title='bbox 439 2802 578 2903; x_wconf 86' lang='lat' dir='ltr'>prefato</span> <span class='ocrx_word' id='word_1_162' title='bbox 595 2804 785 2903; x_wconf 92' lang='lat' dir='ltr'>Radulpho</span> <span class='ocrx_word' id='word_1_163' title='bbox 809 2818 845 2878; x_wconf 88' lang='lat' dir='ltr'>et</span> <span class='ocrx_word' id='word_1_164' title='bbox 868 2804 1126 2879; x_wconf 87' lang='lat' dir='ltr'>successoribus</span> <span class='ocrx_word' id='word_1_165' title='bbox 1152 2803 1225 2878; x_wconf 89' lang='lat' dir='ltr'>suis</span> <span class='ocrx_word' id='word_1_166' title='bbox 1240 2803 1278 2877; x_wconf 90' lang='lat' dir='ltr'>in</span> <span class='ocrx_word' id='word_1_167' title='bbox 1304 2803 1499 2903; x_wconf 81' lang='lat' dir='ltr'>predictam</span> <span class='ocrx_word' id='word_1_168' title='bbox 1516 2802 1648 2900; x_wconf 81' lang='lat' dir='ltr'>peciam</span> 
     </span>
     <span class='ocr_line' id='line_1_23' title="bbox 440 2903 1648 3005; baseline -0.001 -27"><span class='ocrx_word' id='word_1_169' title='bbox 440 2921 533 2978; x_wconf 88' lang='lat' dir='ltr'>terre</span> <span class='ocrx_word' id='word_1_170' title='bbox 549 2929 631 2980; x_wconf 90' lang='lat' dir='ltr'>cum</span> <span class='ocrx_word' id='word_1_171' title='bbox 648 2905 719 2980; x_wconf 91' lang='lat' dir='ltr'>suis</span> <span class='ocrx_word' id='word_1_172' title='bbox 745 2905 968 3005; x_wconf 85' lang='lat' dir='ltr'>pertinenciis</span> <span class='ocrx_word' id='word_1_173' title='bbox 983 2906 1163 2995; x_wconf 86' lang='lat' dir='ltr'>reintrare,</span> <span class='ocrx_word' id='word_1_174' title='bbox 1181 2921 1217 2978; x_wconf 89' lang='lat' dir='ltr'>et</span> <span class='ocrx_word' id='word_1_175' title='bbox 1233 2903 1328 2978; x_wconf 84' lang='lat' dir='ltr'>illam</span> <span class='ocrx_word' id='word_1_176' title='bbox 1346 2904 1478 3003; x_wconf 87' lang='lat' dir='ltr'>peciam</span> <span class='ocrx_word' id='word_1_177' title='bbox 1496 2919 1588 2978; x_wconf 86' lang='lat' dir='ltr'>terre</span> <span class='ocrx_word' id='word_1_178' title='bbox 1610 2903 1648 2977; x_wconf 92' lang='lat' dir='ltr'>in</span> 
     </span>
     <span class='ocr_line' id='line_1_24' title="bbox 440 3004 1647 3104; baseline -0.002 -25"><span class='ocrx_word' id='word_1_179' title='bbox 440 3006 591 3104; x_wconf 89' lang='lat' dir='ltr'>pristino</span> <span class='ocrx_word' id='word_1_180' title='bbox 632 3021 725 3082; x_wconf 83' lang='lat' dir='ltr'>statu</span> <span class='ocrx_word' id='word_1_181' title='bbox 767 3031 833 3080; x_wconf 90' lang='lat' dir='ltr'>suo</span> <span class='ocrx_word' id='word_1_182' title='bbox 881 3005 1044 3097; x_wconf 85' lang='lat' dir='ltr'>retinere,</span> <span class='ocrx_word' id='word_1_183' title='bbox 1086 3007 1154 3080; x_wconf 87' lang='lat' dir='ltr'>hiis</span> <span class='ocrx_word' id='word_1_184' title='bbox 1194 3005 1298 3080; x_wconf 82' lang='lat' dir='ltr'>cartis</span> <span class='ocrx_word' id='word_1_185' title='bbox 1342 3004 1533 3080; x_wconf 87' lang='lat' dir='ltr'>indentatis</span> <span class='ocrx_word' id='word_1_186' title='bbox 1575 3029 1647 3078; x_wconf 94' lang='lat' dir='ltr'>non</span> 
     </span>
     <span class='ocr_line' id='line_1_25' title="bbox 438 3106 1488 3181; baseline -0.01 0"><span class='ocrx_word' id='word_1_187' title='bbox 438 3106 669 3181; x_wconf 89' lang='lat' dir='ltr'>obstantibus.</span> <span class='ocrx_word' id='word_1_188' title='bbox 1485 3151 1488 3156; x_wconf 80' lang='lat'>·</span> 
     </span>
    </p>

    <p class='ocr_par' dir='ltr' id='par_1_4' title="bbox 439 3207 1647 3812">
     <span class='ocr_line' id='line_1_26' title="bbox 516 3207 1647 3308; baseline 0.002 -30"><span class='ocrx_word' id='word_1_189' title='bbox 516 3208 557 3279; x_wconf 92' lang='lat' dir='ltr'>In</span> <span class='ocrx_word' id='word_1_190' title='bbox 588 3207 687 3308; x_wconf 90' lang='lat' dir='ltr'>cujus</span> <span class='ocrx_word' id='word_1_191' title='bbox 716 3208 764 3282; x_wconf 92' lang='lat' dir='ltr'>rei</span> <span class='ocrx_word' id='word_1_192' title='bbox 798 3208 1040 3282; x_wconf 86' lang='lat' dir='ltr'>testimonium</span> <span class='ocrx_word' id='word_1_193' title='bbox 1075 3209 1135 3281; x_wconf 91' lang='lat' dir='ltr'>uni</span> <span class='ocrx_word' id='word_1_194' title='bbox 1170 3207 1260 3306; x_wconf 88' lang='lat' dir='ltr'>parti</span> <span class='ocrx_word' id='word_1_195' title='bbox 1294 3207 1440 3281; x_wconf 88' lang='lat' dir='ltr'>istarum</span> <span class='ocrx_word' id='word_1_196' title='bbox 1474 3222 1647 3280; x_wconf 85' lang='lat' dir='ltr'>cartarum</span> 
     </span>
     <span class='ocr_line' id='line_1_27' title="bbox 440 3307 1647 3409; baseline -0.002 -27"><span class='ocrx_word' id='word_1_197' title='bbox 440 3308 711 3396; x_wconf 89' lang='lat' dir='ltr'>indentatarum,</span> <span class='ocrx_word' id='word_1_198' title='bbox 754 3334 859 3409; x_wconf 88' lang='lat' dir='ltr'>penes</span> <span class='ocrx_word' id='word_1_199' title='bbox 901 3308 1076 3407; x_wconf 87' lang='lat' dir='ltr'>prefatum</span> <span class='ocrx_word' id='word_1_200' title='bbox 1119 3308 1348 3406; x_wconf 88' lang='lat' dir='ltr'>Radulphum</span> <span class='ocrx_word' id='word_1_201' title='bbox 1392 3307 1570 3382; x_wconf 84' lang='lat' dir='ltr'>Ma&#39;orem</span> <span class='ocrx_word' id='word_1_202' title='bbox 1611 3324 1647 3380; x_wconf 88' lang='lat' dir='ltr'>et</span> 
     </span>
     <span class='ocr_line' id='line_1_28' title="bbox 439 3331 1646 3510; baseline -0.001 -28"><span class='ocrx_word' id='word_1_203' title='bbox 439 3433 654 3483; x_wconf 87' lang='lat' dir='ltr'>successores</span> <span class='ocrx_word' id='word_1_204' title='bbox 678 3435 762 3482; x_wconf 91' lang='lat' dir='ltr'>suos</span> <span class='ocrx_word' id='word_1_205' title='bbox 787 3410 992 3497; x_wconf 89' lang='lat' dir='ltr'>remanenti,</span> <span class='ocrx_word' id='word_1_206' title='bbox 1018 3410 1112 3484; x_wconf 90' lang='lat' dir='ltr'>idem</span> <span class='ocrx_word' id='word_1_207' title='bbox 1138 3408 1340 3484; x_wconf 88' lang='lat' dir='ltr'>Willelmus</span> <span class='ocrx_word' id='word_1_208' title='bbox 1364 3331 1520 3510; x_wconf 63' lang='lat' dir='ltr'>sigildum</span> <span class='ocrx_word' id='word_1_209' title='bbox 1542 3433 1646 3481; x_wconf 91' lang='lat' dir='ltr'>suum</span> 
     </span>
     <span class='ocr_line' id='line_1_29' title="bbox 440 3508 1647 3626; baseline -0.002 -42"><span class='ocrx_word' id='word_1_210' title='bbox 440 3511 613 3609; x_wconf 87' lang='lat' dir='ltr'>apposuit,</span> <span class='ocrx_word' id='word_1_211' title='bbox 647 3510 745 3583; x_wconf 90' lang='lat' dir='ltr'>alteri</span> <span class='ocrx_word' id='word_1_212' title='bbox 787 3535 874 3584; x_wconf 92' lang='lat' dir='ltr'>vero</span> <span class='ocrx_word' id='word_1_213' title='bbox 914 3509 1017 3626; x_wconf 89' lang='lat' dir='ltr'>parti,</span> <span class='ocrx_word' id='word_1_214' title='bbox 1061 3535 1165 3608; x_wconf 89' lang='lat' dir='ltr'>penes</span> <span class='ocrx_word' id='word_1_215' title='bbox 1207 3508 1383 3608; x_wconf 85' lang='lat' dir='ltr'>prefatum</span> <span class='ocrx_word' id='word_1_216' title='bbox 1425 3508 1647 3584; x_wconf 91' lang='lat' dir='ltr'>Willelmum</span> 
     </span>
     <span class='ocr_line' id='line_1_30' title="bbox 441 3608 1647 3711; baseline 0.001 -27"><span class='ocrx_word' id='word_1_217' title='bbox 441 3609 703 3711; x_wconf 81' lang='lat' dir='ltr'>Hawkyswelle</span> <span class='ocrx_word' id='word_1_218' title='bbox 733 3625 937 3700; x_wconf 79' lang='lat' dir='ltr'>remanenti,</span> <span class='ocrx_word' id='word_1_219' title='bbox 965 3611 1060 3686; x_wconf 88' lang='lat' dir='ltr'>idem</span> <span class='ocrx_word' id='word_1_220' title='bbox 1092 3609 1301 3708; x_wconf 90' lang='lat' dir='ltr'>Radulphus</span> <span class='ocrx_word' id='word_1_221' title='bbox 1336 3609 1456 3710; x_wconf 89' lang='lat' dir='ltr'>Major</span> <span class='ocrx_word' id='word_1_222' title='bbox 1490 3608 1647 3710; x_wconf 85' lang='lat' dir='ltr'>sigillum</span> 
     </span>
     <span class='ocr_line' id='line_1_31' title="bbox 441 3709 1325 3812; baseline 0.001 -28"><span class='ocrx_word' id='word_1_223' title='bbox 441 3711 547 3785; x_wconf 85' lang='lat' dir='ltr'>officii</span> <span class='ocrx_word' id='word_1_224' title='bbox 564 3711 755 3812; x_wconf 89' lang='lat' dir='ltr'>majoratus</span> <span class='ocrx_word' id='word_1_225' title='bbox 772 3712 902 3786; x_wconf 89' lang='lat' dir='ltr'>Portus</span> <span class='ocrx_word' id='word_1_226' title='bbox 919 3712 1067 3810; x_wconf 89' lang='lat' dir='ltr'>predicti</span> <span class='ocrx_word' id='word_1_227' title='bbox 1085 3709 1169 3785; x_wconf 86' lang='lat' dir='ltr'>fecit</span> <span class='ocrx_word' id='word_1_228' title='bbox 1187 3713 1325 3812; x_wconf 90' lang='lat' dir='ltr'>apponi.</span> 
     </span>
    </p>

    <p class='ocr_par' dir='ltr' id='par_1_5' title="bbox 440 3810 1648 4191">
     <span class='ocr_line' id='line_1_32' title="bbox 516 3810 1648 3911; baseline 0.002 -27"><span class='ocrx_word' id='word_1_229' title='bbox 516 3814 609 3885; x_wconf 88' lang='lat' dir='ltr'>Data</span> <span class='ocrx_word' id='word_1_230' title='bbox 625 3815 790 3887; x_wconf 90' lang='lat' dir='ltr'>Dovorra</span> <span class='ocrx_word' id='word_1_231' title='bbox 813 3813 982 3910; x_wconf 87' lang='lat' dir='ltr'>predicta,</span> <span class='ocrx_word' id='word_1_232' title='bbox 1000 3813 1196 3911; x_wconf 92' lang='lat' dir='ltr'>penultimo</span> <span class='ocrx_word' id='word_1_233' title='bbox 1218 3813 1276 3886; x_wconf 91' lang='lat' dir='ltr'>die</span> <span class='ocrx_word' id='word_1_234' title='bbox 1300 3810 1429 3884; x_wconf 86' lang='lat' dir='ltr'>mensis</span> <span class='ocrx_word' id='word_1_235' title='bbox 1443 3811 1530 3905; x_wconf 89' lang='lat' dir='ltr'>Julii</span> <span class='ocrx_word' id='word_1_236' title='bbox 1555 3837 1648 3886; x_wconf 90' lang='lat' dir='ltr'>anno</span> 
     </span>
     <span class='ocr_line' id='line_1_33' title="bbox 440 3911 1647 4030; baseline 0 -44"><span class='ocrx_word' id='word_1_237' title='bbox 440 3913 540 4030; x_wconf 78' lang='lat' dir='ltr'>regni</span> <span class='ocrx_word' id='word_1_238' title='bbox 559 3914 668 4016; x_wconf 85' lang='lat' dir='ltr'>Regis</span> <span class='ocrx_word' id='word_1_239' title='bbox 685 3913 849 4004; x_wconf 87' lang='lat' dir='ltr'>Henrici,</span> <span class='ocrx_word' id='word_1_240' title='bbox 861 3913 949 3987; x_wconf 84' lang='lat' dir='ltr'>sexti</span> <span class='ocrx_word' id='word_1_241' title='bbox 967 3930 1049 4011; x_wconf 90' lang='lat' dir='ltr'>post</span> <span class='ocrx_word' id='word_1_242' title='bbox 1068 3929 1301 4013; x_wconf 89' lang='lat' dir='ltr'>conquestum</span> <span class='ocrx_word' id='word_1_243' title='bbox 1319 3911 1462 4012; x_wconf 84' lang='lat' dir='ltr'>Anglie,</span> <span class='ocrx_word' id='word_1_244' title='bbox 1479 3912 1647 3986; x_wconf 79' lang='lat' dir='ltr'>vicesimo</span> 
     </span>
     <span class='ocr_line' id='line_1_34' title="bbox 466 4030 578 4089; baseline -0.009 0"><span class='ocrx_word' id='word_1_245' title='bbox 466 4030 578 4089; x_wconf 85' lang='lat' dir='ltr'>urnt0.</span> 
     </span>
     <span class='ocr_line' id='line_1_35' title="bbox 440 4042 1369 4191; baseline -0.001 -3"><span class='ocrx_word' id='word_1_246' title='bbox 440 4042 463 4116; x_wconf 77' lang='lat' dir='ltr'>q</span> <span class='ocrx_word' id='word_1_247' title='bbox 518 4119 557 4188; x_wconf 85' lang='lat' dir='ltr'>In</span> <span class='ocrx_word' id='word_1_248' title='bbox 587 4115 690 4189; x_wconf 86' lang='lat' dir='ltr'>dorso.</span> <span class='ocrx_word' id='word_1_249' title='bbox 743 4125 766 4156; x_wconf 93' lang='lat'><strong>“</strong></span> <span class='ocrx_word' id='word_1_250' title='bbox 780 4117 903 4189; x_wconf 84' lang='lat' dir='ltr'>Rector</span> <span class='ocrx_word' id='word_1_251' title='bbox 927 4116 1057 4191; x_wconf 81' lang='lat' dir='ltr'>ecclesie</span> <span class='ocrx_word' id='word_1_252' title='bbox 1082 4119 1194 4190; x_wconf 84' lang='lat' dir='ltr'>Sancti</span> <span class='ocrx_word' id='word_1_253' title='bbox 1218 4113 1369 4190; x_wconf 84' lang='lat' dir='ltr'>Jacobi.”</span> 
     </span>
    </p>
   </div>
   <div class='ocr_carea' id='block_1_4' title="bbox 440 4385 523 4489">
    <p class='ocr_par' dir='ltr' id='par_1_6' title="bbox 440 4385 523 4489">
     <span class='ocr_line' id='line_1_36' title="bbox 440 4385 523 4489; baseline 0.024 -2"><span class='ocrx_word' id='word_1_254' title='bbox 440 4385 523 4489; x_wconf 84' lang='lat'>[37]</span> 
     </span>
    </p>
   </div>
   <div class='ocr_carea' id='block_1_5' title="bbox 0 0 1866 5256">
    <p class='ocr_par' dir='ltr' id='par_1_7' title="bbox 0 0 1866 5256">
     <span class='ocr_line' id='line_1_37' title="bbox 0 0 1866 5256; baseline 0 0"><span class='ocrx_word' id='word_1_255' title='bbox 0 0 1866 5256; x_wconf 95' lang='lat' dir='ltr'> </span> 
     </span>
    </p>
   </div>
  </div>
 </body>
</html>
