3700 5260
440 522 515 595 424
803 501 983 576 DOVER
1008 499 1289 576 CHARTERS

938 821 1150 903 CXXV.

816 997 1278 1080 xvldlestvffllzsssllz

975 1165 977 1172 ,
1038 1158 1062 1230 ἰ.

444 1308 662 1383 Novsxrrrr
687 1305 842 1380 universi
866 1329 930 1404 per
956 1319 1133 1404 presentes
1160 1330 1236 1394 nos,
1267 1303 1465 1380 Robertum
1495 1305 1654 1402 Hedley,

446 1408 492 1483 de
508 1407 592 1482 villa
607 1425 643 1482 et
661 1424 768 1508 portu
786 1409 921 1494 Dovor,
942 1407 979 1479 in
1009 1406 1181 1481 comitatu
1201 1406 1345 1496 Kancie,
1370 1405 1592 1507 shipwright,
1618 1421 1654 1479 et

446 1509 467 1552 *
481 1509 686 1599 Kathurina,
704 1533 794 1582 uxor
819 1505 908 1608 ejus,
926 1507 996 1580 filia
1018 1523 1053 1580 et
1079 1507 1180 1582 heres
1205 1506 1378 1580 Willelmi
1404 1507 1653 1606 Spurnestone,

448 1636 497 1684 nu
544 1637 561 1682 r
578 1610 623 1684 de
639 1611 767 1683 Dovor
784 1607 952 1709 predicta,
969 1606 1141 1696 defuncti,
1159 1623 1336 1706 procerte
1352 1607 1499 1707 pecunie
1515 1633 1655 1680 summa

448 1635 550 1786 nobles
567 1735 629 1810 per
643 1710 843 1805 johannem
860 1709 985 1798 Lucas,
1001 1707 1046 1782 de
1062 1708 1146 1782 villa
1168 1724 1204 1782 et
1229 1723 1336 1808 portu
1362 1708 1541 1806 predictis,
1558 1707 1655 1806 ship-

448 1812 590 1911 wright,
608 1808 696 1884 bene
712 1827 748 1884 et
765 1808 916 1884 fideliter
933 1833 995 1908 pre
1011 1809 1173 1882 manibus
1192 1808 1318 1898 soluta,
1343 1833 1383 1882 ac
1407 1808 1484 1882 aliis
1507 1808 1655 1883 diversis

448 1909 790 1986 consideracionibus
823 1909 925 1984 nobis
957 1934 975 1983 s
1020 1907 1152 1984 cialiter
1191 1907 1429 2000 moventibus,
1471 1909 1654 2001 remisisse,

449 2011 627 2104 relmrasse,
644 2028 681 2085 et
698 2011 847 2085 omnino
862 2011 908 2084 de
925 1935 1029 2083 nolls
1045 2035 1113 2108 pro
1129 2010 1230 2084 nobis
1251 2027 1287 2084 et
1313 2009 1502 2084 heredibus
1526 2010 1657 2084 nostris

448 2113 612 2214 quietum
650 2112 814 2185 clamasse
852 2110 992 2210 prefato
1028 2111 1180 2206 Johsnni
1220 2111 1344 2202 Lucas,
1382 2111 1419 2184 in
1448 2111 1525 2212 ejus
1553 2111 1658 2211 plena

449 2213 666 2314 possessione
702 2211 874 2285 existente
912 2211 1082 2284 heredum
1112 2229 1147 2285 et
1176 2211 1446 2310 assignatorum,
1477 2213 1522 2286 ad
1550 2236 1655 2285 usum

449 2313 609 2417 ejusdem
625 2311 796 2409 Johennis
812 2313 937 2402 Lucus,
957 2311 1128 2386 heredum
1153 2326 1190 2385 et
1214 2311 1470 2411 assignatorum
1495 2337 1656 2402 suorum,

450 2417 713 2514 imperpetuum
737 2427 855 2487 totum
881 2413 964 2488 inde
988 2427 1151 2487 nostrum
1171 2411 1318 2487 titulum
1341 2414 1528 2503 clameum,
1545 2413 1657 2486 inter-

449 2541 533 2606 esse,
552 2531 588 2589 et
605 2513 821 2588 demendum
838 2538 908 2613 que
924 2511 1092 2586 hebernus
1108 2513 1295 2588 habuimus
1316 2538 1378 2587 seu
1394 2513 1523 2614 quovis
1547 2513 1658 2587 modo

450 2615 488 2690 in
513 2613 676 2690 futurum
702 2613 829 2688 habere
898 2613 1057 2704 terimus,
1075 2612 1121 2687 de
1137 2629 1174 2687 ct
1190 2613 1227 2688 in
1243 2613 1266 2656 ¹
1279 2629 1397 2688 totum
1414 2613 1504 2688 illud
1521 2639 1656 2689 novum

451 2715 639 2817 gardinum
653 2715 844 2789 cumomni
871 2714 996 2788 ussuis
1008 2714 1245 2813 pertinenciis,
1256 2714 1458 2804 scitustum,
1469 2715 1656 2816 jacentem,

452 2833 489 2891 et
514 2817 722 2890 existentem
748 2814 841 2889 infra
865 2814 1077 2904 libertatem,
1105 2814 1200 2904 ville,
1227 2830 1264 2889 et
1290 2831 1415 2916 portus
1444 2815 1593 2914 predicti
1620 2816 1657 2889 in

454 2917 611 3016 Georges
649 2917 795 3002 Warde,
829 2915 1004 3006 videlicet,
1034 2917 1127 2989 inter
1155 2940 1382 2990 communem
1412 2917 1507 2990 vium
1536 2941 1658 2991 versus

453 3017 658 3106 northwest,
688 3016 722 3089 le
750 3015 830 3090 cliff
853 3041 975 3090 versus
999 3017 1188 3106 southerst,
1216 3032 1345 3092 terrun
1370 3016 1515 3092 domine
1540 3033 1659 3091 nostre

455 3118 586 3216 regine,
615 3142 726 3215 nuper
752 3117 988 3215 pertinentem
1015 3117 1059 3191 ed
1085 3119 1237 3192 domum
1264 3116 1321 3191 dei
1347 3119 1475 3192 Dovor
1490 3118 1658 3216 predicte,

455 3233 616 3292 vocatam
649 3217 681 3291 le
715 3217 849 3291 maison
882 3217 976 3307 dieu,
1013 3218 1124 3292 modo
1164 3217 1201 3291 in
1244 3217 1477 3316 occupatione
1518 3217 1660 3293 Thome

455 3317 654 3406 Cockerell,
685 3343 807 3392 versus
839 3318 1033 3392 southwest
1072 3335 1108 3392 et
1151 3319 1356 3393 northesst:
1397 3319 1453 3393 lta
1494 3319 1659 3393 videlicet

456 3419 554 3518 quod
572 3443 635 3492 nec
652 3443 728 3508 nos,
745 3419 925 3519 predictus
943 3419 1120 3494 Robertus
1135 3417 1282 3518 Hedley
1297 3435 1333 3493 et
1352 3419 1556 3510 Kathcrina,
1570 3444 1661 3492 uxor

454 3519 539 3620 ejus,
569 3543 633 3592 nee
658 3519 803 3594 heredes
828 3520 953 3612 nostri,
979 3545 1043 3594 nec
1060 3520 1186 3636 aliquis
1202 3520 1290 3594 alius
1312 3545 1376 3619 per
1392 3545 1458 3594 nos
1474 3545 1541 3638 pro
1559 3521 1660 3594 nobis

455 3645 518 3694 seu
543 3619 686 3694 nomine
712 3636 847 3713 nostro,
871 3619 1015 3720 aliquod
1027 3621 1091 3721 jus
1105 3619 1262 3713 titulum,
1279 3619 1463 3708 clumeum,
1480 3637 1659 3710 interesse,

458 3722 513 3795 vel
530 3719 745 3795 demandam
763 3719 800 3793 in
818 3719 956 3819 prefato
997 3721 1121 3796 ardino
1140 3746 1221 3796 cum
1247 3721 1319 3795 suis
1342 3721 1578 3821 pertinenciis,
1596 3746 1661 3796 nec

457 3823 494 3896 in
521 3819 638 3922 aliqua
663 3821 746 3896 inde
772 3820 931 3920 parcella,
960 3747 1005 3897 de
1031 3837 1149 3897 cetero
1175 3821 1333 3913 clarnare,
1362 3823 1584 3914 demandare,
1603 3823 1659 3897 vel

457 3922 641 3998 vendicare
657 3921 865 4020 poterimus,
882 3948 946 3996 nec
963 3921 1132 3998 debemus
1147 3923 1277 4023 quovis
1293 3923 1403 3998 modo
1423 3923 1459 3999 in
1485 3923 1659 4013 futurum,

456 4024 518 4100 sod
534 4022 579 4096 ab
595 4022 693 4097 omni
710 4023 849 4098 accione
860 4023 954 4124 juris
970 4023 1077 4114 tituli,
1094 4039 1132 4099 et
1151 4023 1285 4117 clamei,
1301 4023 1480 4117 demendi,
1497 4041 1533 4100 et
1550 4024 1661 4098 inter-

456 4149 530 4198 esse
547 4123 583 4196 in
601 4123 734 4198 eisdem
761 4125 902 4222 penitus
923 4149 1047 4200 sumus
1073 4124 1216 4215 exclusi,
1241 4140 1278 4200 et
1304 4150 1367 4224 per
1391 4143 1569 4226 presentes
1593 4125 1662 4200 im·

456 4240 670 4325 perpetuum
686 4225 833 4322 expulsi.

533 4325 576 4399 In
594 4325 694 4425 cujus
709 4324 760 4398 rei
776 4324 1023 4401 testimonium
1042 4349 1118 4415 nos,
1135 4325 1313 4426 predictus
1328 4325 1504 4400 Robertus
1517 4325 1663 4425 Hedley
