3756 5270
452 462 523 552 ιι,
810 457 991 532 novun
1019 457 1300 533 cnnn‘rsns

954 757 1158 842 XCIII.

798 937 849 1020 xij
872 937 1068 1018 Februarii,
1089 950 1111 1016 3
1136 937 1229 1004 Heu.
1251 937 1353 1004 VIII.

448 1091 657 1169 Hennrcus
692 1094 748 1168 dei
783 1095 896 1193 gratia
931 1095 1006 1168 Rex
1048 1094 1182 1194 Anglie
1216 1112 1252 1169 et
1287 1095 1444 1184 Francie,
1479 1094 1657 1168 Dominus

448 1193 635 1284 Hibernie,
652 1195 819 1269 omnibus
830 1195 973 1269 Ballivis
988 1212 1024 1269 et
1042 1195 1206 1270 fidelibus
1223 1196 1295 1270 suis
1311 1196 1354 1270 ad
1372 1221 1463 1296 quos
1481 1212 1657 1309 presentes

444 1294 560 1370 littere
590 1295 1030 1395 pervenerint—Salutem.
1093 1295 1214 1370 Sciatis
1236 1297 1334 1397 quod
1370 1323 1435 1370 nos
1467 1297 1513 1371 de
1546 1295 1658 1409 gratia

445 1414 565 1471 nostra
598 1396 736 1495 speciali
762 1423 801 1470 ac
827 1423 871 1470 ex
905 1413 1000 1472 certa
1024 1397 1169 1472 scientia
1194 1414 1230 1471 et
1265 1423 1363 1472 mero
1393 1414 1495 1472 motu
1529 1396 1656 1470 nostris

446 1497 723 1596 perdonavimus
756 1497 956 1573 remisimus
988 1515 1025 1574 et
1051 1498 1294 1585 relaxavimus,
1321 1524 1359 1572 ac
1390 1523 1453 1598 per
1482 1513 1658 1596 presentes

445 1600 682 1698 perdonamus
715 1599 934 1673 remittimus
966 1615 1003 1673 et
1036 1601 1243 1690 relaxamus,
1272 1600 1419 1700 Majori,
1446 1599 1594 1687 Ballivo,
1619 1615 1656 1671 et

445 1699 703 1775 Communitati
740 1699 822 1774 ville
862 1716 981 1774 nostre
1015 1701 1187 1790 Dovorre‚
1223 1727 1284 1774 seu
1326 1726 1553 1800 quocumque
1587 1697 1656 1772 alio

445 1801 590 1875 nomine
619 1801 726 1875 iidem
759 1800 893 1901 Major,
913 1801 1082 1894 Ballivus,
1100 1817 1136 1876 et
1161 1801 1411 1876 communitas
1437 1817 1652 1888 censeantur,

445 1927 569 1976 omnes
584 1917 620 1975 et
637 1901 862 1976 omnimodas
872 1903 1102 2001 proditiones,
1121 1920 1193 1977 tam
1208 1903 1355 2002 majores
1367 1927 1476 2002 quam
1489 1902 1654 1990 minores,

445 2028 484 2075 ac
526 2001 748 2077 omnimodas
790 2003 873 2076 alias
926 2003 1147 2100 proditiones
1197 2029 1447 2103 quascumque,
1499 2003 1653 2091 murdra,

446 2103 647 2194 homicidia,
667 2102 807 2192 felonia,
825 2103 993 2192 notorias,
1007 2102 1233 2203 burgularias,
1253 2104 1504 2205 abjuraciones,
1523 2121 1655 2202 raptus,

445 2203 628 2303 capciones
640 2204 829 2277 mulierum
839 2229 1091 2303 quascumque
1098 2230 1159 2302 per
1170 2206 1264 2302 ipsos
1271 2206 1460 2321 Majorem,
1467 2204 1655 2297 Ballivum,

446 2322 482 2379 et
499 2304 814 2420 Communitatem,
832 2321 912 2378 ante
922 2330 1127 2378 vicesimum
1145 2308 1294 2379 tercium
1304 2306 1400 2379 drem
1411 2305 1546 2403 Aprilis
1563 2331 1656 2379 anno

447 2405 547 2504 regni
575 2405 685 2480 nostri
716 2407 833 2504 primo
849 2406 984 2479 habitas
1008 2405 1167 2480 lactas
1141 2433 1215 2479 sive
1241 2423 1479 2507 perpetratas:
1507 2406 1656 2480 aceciam

448 2507 654 2582 omnimoda
669 2507 805 2604 escapia
819 2523 855 2580 et
872 2507 1060 2596 evasiones‚
1080 2507 1280 2582 voluntaria
1301 2526 1338 2582 et
1355 2534 1428 2581 non
1446 2508 1656 2596 voluntaria,

472 2633 754 2707 uorumcumque
781 2608 1005 2706 proditorum
1031 2567 1297 2684 niurdratorum
1322 2626 1358 2683 et
1385 2608 1654 2696 homicidarum,

445 2635 617 2797 lelonum,
651 2709 936 2808 burgulatorum,
985 2726 1022 2783 et
1062 2735 1370 2810 quorumcumque
1410 2727 1654 2808 suspectorum

446 2809 675 2910 prodicionis,
705 2809 854 2902 murdri,
882 2810 1076 2900 homicidii,
1102 2811 1254 2903 roborie,
1284 2827 1320 2885 et
1351 2809 1490 2900 felonie,
1519 2837 1655 2885 necnon

445 2914 579 3011 escapiu
608 2911 816 2986 clericorum
838 2913 1072 2986 attinctorum
1099 2937 1139 2985 ac
1167 2913 1413 2986 convictorum
1443 2928 1479 2986 et
1505 2912 1654 2986 aliorum

445 3013 722 3112 prisonariorum
747 3037 1056 3130 quorumcumque
1084 3013 1314 3087 acustodia
1305 3036 1464 3112 ipsorum
1491 3013 1655 3113 Majoris,

445 3115 584 3202 Ballivi,
608 3130 643 3187 et
661 3113 938 3188 Communitatis
958 3113 1062 3188 simul
1081 3113 1246 3188 eumalio
1270 3114 1326 3189 vel
1343 3113 1433 3201 aliis,
1451 3128 1512 3187 aut
1528 3139 1653 3187 eorum

441 3215 705 3313 deputatorum,
723 3240 859 3288 necnon
876 3215 1080 3287 accessarios
1104 3215 1252 3304 murdri,
1270 3214 1463 3302 homicidii,
1484 3240 1654 3314 quarum-

444 3339 596 3415 cumque
639 3313 864 3403 feloniarum‚
905 3315 1138 3407 roboriarum,
1168 3333 1204 3389 et
1246 3317 1393 3390 aliarum
1444 3272 1654 3390 leloniarum

446 3440 753 3515 quarumcumque
770 3440 832 3513 per
842 3441 937 3514 ipsos
948 3416 1140 3516 MaJorem
1151 3417 1340 3506 Ballivum,
1359 3416 1654 3491 etCommunita-

446 3534 519 3591 tem
553 3533 633 3590 ante
659 3516 812 3590 eundem
838 3517 933 3591 diem
961 3515 1051 3590 facta
1081 3517 1255 3592 habita
1230 3544 1304 3593 sive
1337 3533 1544 3616 perpetrata,
1573 3517 1654 3592 licet

445 3616 553 3692 iidem
588 3616 721 3733 Major,
749 3616 916 3706 Ballivus,
942 3634 978 3691 et
1011 3618 1260 3694 Communitas
1293 3619 1339 3693 de
1373 3619 1560 3717 premissis,
1596 3618 1654 3692 vel

444 3717 565 3819 aliquo
607 3718 873 3816 premissorum,
908 3717 1051 3794 iudicati
1095 3719 1258 3835 appellati
1301 3719 1421 3794 rectati
1463 3719 1653 3834 adjudicati

446 3819 590 3920 utlagati
608 3819 855 3917 condempnati
881 3819 1034 3894 convicti
1064 3820 1120 3894 vel
1146 3821 1282 3895 attincti
1307 3821 1456 3895 existant
1480 3845 1555 3894 sive
1581 3846 1653 3894 non

444 3923 621 3996 existant:
666 3945 803 3994 necnon
838 3945 962 3996 omnes
996 3938 1031 3995 et
1064 3923 1221 4020 singulas
1255 3920 1489 4038 utlagarias
1481 3947 1518 3993 ιιι
1560 3922 1654 4020 ipsos

447 4023 638 4122 Majorem,
657 4021 844 4112 Ballivum,
863 4037 898 4094 et
915 4022 1217 4096 Communitatem
1230 4023 1370 4096 accione
1388 4021 1653 4120 premissorum,

444 4123 518 4198 sive
560 4148 683 4197 eorum
716 4081 884 4238 alicujus,
918 4139 997 4196 ante
1039 4122 1194 4197 eundem
1236 4123 1342 4211 diem,
1387 4121 1650 4222 promulgatas:

444 4223 592 4299 aceciam
629 4222 837 4298 omnimoda
868 4239 904 4296 et
936 4223 1076 4322 singula
1116 4223 1253 4324 judicia
1290 4249 1396 4322 penas
1447 4225 1572 4297 mortis
1618 4241 1654 4298 et

444 4325 671 4399 excruciones
692 4325 829 4399 ratione
858 4350 920 4398 seu
938 4327 1119 4399 occasione
1144 4325 1409 4424 premissorum,
1425 4325 1501 4398 sive
1526 4351 1652 4399 eorum
