3724 5256
466 479 536 555 ²52
829 457 1010 532 DOVER
1036 457 1315 532 CHARTERS
1442 529 1445 536 .

465 657 566 732 nobis
607 657 752 758 prefatis
786 658 954 760 magistro
995 675 1031 732 et
1065 657 1301 734 confratribus
1334 684 1374 732 ac
1415 657 1672 733 successoribus

463 760 592 833 nostris
646 760 689 834 ad
744 761 913 834 terminos
967 761 1186 858 supradictos
1231 761 1395 836 videlieet
1433 784 1480 833 xs.
1529 775 1670 833 monete

463 861 671 960 Anglicane,
698 877 738 934 ut
767 861 968 960 predictum
1001 879 1079 936 est:
1117 863 1259 960 insuper
1285 861 1464 961 predictus
1495 860 1671 934 Robertus

462 962 572 1034 Salter
597 963 730 1061 obligat
747 987 783 1035 se
808 963 953 1036 heredes
977 978 1013 1037 et
1038 963 1231 1062 assignatos
1256 986 1338 1036 suos
1361 961 1428 1035 sub
1452 959 1671 1035 forisfactura

462 1063 567 1137 istius
593 1063 780 1136 indenture
814 1064 1017 1137 obscervare
1050 1081 1086 1138 et
1117 1065 1203 1138 bene
1235 1081 1271 1138 et
1311 1062 1462 1138 fideliter
1494 1063 1671 1136 custodire

463 1187 586 1237 omnes
603 1165 838 1261 reparaciones
862 1166 1041 1240 dictorum
1058 1167 1213 1240 duorum
1239 1165 1525 1240 molendinorum
1541 1180 1615 1236 tam
1633 1165 1670 1236 in

463 1263 629 1338 domibus
661 1291 768 1366 quam
811 1267 847 1339 in
878 1267 1048 1340 maremio
1082 1267 1116 1338 in
1140 1267 1240 1364 aquis
1266 1283 1302 1340 et
1333 1267 1369 1338 in
1400 1264 1564 1338 omnibus
1593 1265 1671 1337 aliis

462 1365 629 1463 predictis
655 1366 796 1440 duobus
822 1366 1034 1440 molendinis
1071 1366 1327 1464 pertinentibus
1360 1364 1561 1464 sumptibus
1598 1365 1671 1438 suis

462 1467 624 1566 propriis,
644 1470 793 1543 durante
809 1469 964 1540 termino
979 1468 1205 1566 supradicto:
1233 1485 1269 1541 et
1286 1469 1314 1541 si
1341 1467 1497 1566 predicta
1513 1467 1672 1540 annualis

464 1569 574 1656 firma,
596 1585 668 1642 tam
692 1568 736 1642 de
762 1593 834 1642 uno
860 1569 1078 1657 molendino,
1096 1594 1204 1670 quam
1231 1569 1275 1643 de
1300 1567 1370 1642 alio
1396 1565 1670 1666 [pre]dictorum

463 1669 760 1758 molendinorum,
777 1669 823 1743 sit
848 1687 964 1744 aretro
988 1671 1025 1742 in
1051 1687 1148 1768 parte
1174 1669 1230 1743 vel
1255 1669 1292 1743 in
1313 1685 1392 1742 toto
1417 1686 1497 1766 post
1519 1668 1671 1769 aliquem

461 1770 656 1844 terminum
685 1771 874 1845 solucionis
897 1773 1139 1870 prenominate
1166 1795 1228 1868 per
1255 1771 1458 1871 quindecim
1482 1769 1558 1844 dies
1584 1785 1670 1842 tunc

461 1871 599 1944 licitum
640 1871 708 1945 erit
743 1871 845 1944 nobis
886 1872 1054 1970 predictis
1088 1873 1259 1970 magistro
1291 1887 1328 1944 et
1365 1869 1599 1946 confratribus
1633 1894 1671 1942 ac

461 1973 716 2045 successoribus
733 1972 862 2047 nostris
886 1972 924 2047 in
941 1972 1046 2046 dictis
1062 1973 1201 2046 duobus
1222 1972 1434 2046 molendinis
1450 1972 1668 2071 distringere,

461 2089 496 2146 et
513 2073 754 2148 districciones
778 2072 1049 2173 irreplegiabiles
1073 2073 1244 2148 abducere
1268 2090 1446 2171 asportare
1462 2089 1499 2146 et
1522 2071 1671 2146 retinere

487 2199 646 2272 uousque
671 2174 716 2247 de
740 2175 922 2274 arreragiis
947 2175 1039 2248 dicte
1065 2175 1164 2248 firme
1188 2174 1235 2248 sit
1260 2174 1413 2272 plenarie
1440 2173 1541 2247 nobis
1570 2173 1672 2246 satis-

461 2199 622 2349 factum:
651 2290 809 2374 preterea
837 2275 865 2348 si
892 2275 1050 2375 predicta
1069 2274 1143 2349 duo
1168 2275 1370 2349 molendina
1391 2275 1461 2348 sint
1485 2275 1671 2372 irreparata

461 2392 498 2449 et
524 2375 607 2449 inde
632 2375 784 2474 dampna
809 2393 906 2449 vasta
929 2393 966 2449 et
993 2376 1205 2450 detrimenta
1234 2375 1325 2448 infra
1346 2377 1539 2448 terminum
1568 2375 1672 2448 unius

461 2479 543 2550 anni
581 2493 661 2574 post
695 2476 976 2576 premuniciones
1018 2501 1080 2575 per
1115 2501 1180 2550 nos
1213 2477 1349 2551 dictum
1392 2477 1601 2576 magistrum
1634 2493 1671 2549 et

460 2577 665 2668 confratres,
683 2593 743 2651 aut
761 2603 823 2676 per
847 2595 987 2652 nostros
1003 2578 1205 2677 assignatos,
1226 2575 1362 2676 prefato
1386 2577 1544 2650 Roberto
1561 2575 1671 2652 Salter

462 2676 649 2752 heredibus
664 2694 701 2753 et
726 2677 909 2780 assignatis
931 2679 1004 2752 suis
1026 2680 1205 2753 dictorum
1233 2678 1518 2752 molendinorum
1537 2676 1614 2777 [ad]
1631 2703 1671 2750 ea

462 2778 658 2854 refacienda
699 2779 973 2854 re-emendands
1013 2795 1050 2854 et
1092 2779 1284 2878 reparanda
1333 2776 1452 2866 factas,
1495 2795 1532 2852 et
1575 2779 1670 2854 idem

463 2880 640 2954 Robertus
656 2879 767 2953 Salter
791 2897 826 2954 et
850 2880 1016 2980 assignati
1044 2881 1096 2954 sui
1124 2906 1196 2954 non
1219 2880 1372 2979 plenarie
1395 2896 1432 2952 et
1457 2878 1670 2953 sufficienter

461 3006 501 3053 ea
516 2981 780 3055 emendaverint
797 2999 833 3056 et
858 2980 1146 3070 reedificaverint,
1163 2997 1293 3055 extunc
1318 2981 1405 3054 bene
1422 2979 1542 3054 licebit
1568 2980 1670 3054 nobis

461 3081 629 3180 predictis
646 3083 825 3182 Magistro
840 3099 876 3155 et
894 3081 1143 3156 Confratribus
1163 3099 1200 3156 et
1217 3082 1345 3156 nostris
1360 3081 1616 3156 successoribus
1633 3082 1669 3154 in

461 3182 670 3282 supradictis
685 3182 826 3258 duobus
851 3182 1062 3257 molendinis
1086 3208 1168 3256 cum
1192 3185 1324 3283 stagnis
1345 3199 1381 3256 et
1406 3182 1506 3281 aquis
1528 3198 1669 3256 etcum

461 3283 626 3358 omnibus
643 3283 718 3356 aliis
733 3283 894 3383 superius
909 3283 1113 3382 specificatis
1129 3285 1297 3358 reintrare
1309 3299 1345 3356 et
1362 3283 1421 3356 illa
1437 3281 1613 3372 rehabere,
1630 3309 1670 3356 ac

461 3385 499 3457 in
529 3384 680 3483 pristino
708 3400 802 3458 statu
830 3410 897 3458 suo
922 3411 963 3458 ea
1000 3384 1190 3484 possidere,
1218 3385 1443 3485 dictum[que
1472 3384 1668 3458 Robertum

461 3486 574 3558 Salter
588 3501 624 3558 et
640 3484 848 3584 assignatos]
871 3511 954 3560 suos
980 3485 1063 3559 inde
1080 3484 1235 3560 totaliter
1258 3485 1430 3583 expellere
1452 3501 1489 3558 et
1506 3509 1669 3560 amovere

461 3587 746 3683 imperpetuum:
789 3603 826 3660 et
860 3612 925 3660 nos
958 3586 1107 3684 predicti
1141 3587 1307 3686 magister
1338 3603 1375 3660 et
1408 3584 1602 3659 confratres
1630 3611 1670 3659 ac

463 3686 573 3760 nostri
589 3711 801 3760 successores
817 3687 911 3761 dicta
922 3687 996 3761 duo
1012 3687 1215 3762 molendina
1229 3687 1398 3786 aquatica,
1410 3712 1480 3787 que
1498 3703 1669 3760 vocantur

463 3787 805 3886 Rakestravysmelle
834 3805 870 3861 et
900 3788 1150 3879 Asschemelle,
1177 3813 1257 3861 cum
1288 3787 1453 3862 omnibus
1481 3788 1555 3860 suis
1588 3813 1670 3886 per-

461 3889 622 3963 tinenciis
638 3889 747 3962 modo
766 3905 803 3962 et
828 3888 942 3963 forma
964 3888 1123 3987 superius
1146 3889 1329 3964 nominato
1375 3886 1489 3962 refato
1512 3887 1669 3962 Roberto

460 3991 570 4063 Salter
595 3988 782 4063 heredibus
805 4006 842 4063 et
861 3990 1042 4088 assignatis
1066 3989 1138 4063 suis
1163 3913 1467 4066 warantizabimus
1491 3990 1669 4090 acquieta-

461 4090 578 4164 bimus
595 4106 630 4163 et
652 4089 884 4164 defendemus
909 4108 1032 4165 contra
1053 4116 1178 4166 omnes
1203 4107 1325 4190 gentes
1340 4093 1491 4167 durante
1516 4091 1670 4164 termino

460 4191 672 4290 supradicto.

538 4291 580 4364 ln
622 4291 721 4391 cujus
754 4291 802 4364 rei
836 4290 1080 4366 testimonium
1123 4293 1185 4365 uni
1219 4293 1309 4390 parti
1352 4292 1571 4390 presencium
1614 4293 1669 4366 in-

460 4394 691 4468 denturarum
708 4417 814 4490 penes
839 4392 975 4467 dictum
995 4393 1192 4468 Robertum
1218 4395 1412 4469 remanenti
1439 4417 1504 4465 nos
1521 4393 1669 4490 predicti
