3726 5256
460 510 529 581 114
816 487 992 566 DOVER
1018 487 1295 566 CHARTERS

922 787 1210 874 XXXVU.

872 991 911 1056 ix
931 989 1029 1072 Juffl,
1051 1000 1091 1073 15
1113 990 1188 1059 Ric
1212 988 1260 1058 11.

458 1168 609 1242 Norunt
649 1168 695 1242 sit
731 1168 897 1242 omnibus
925 1169 1029 1244 istam
1059 1169 1283 1245 indenturam
1313 1167 1538 1243 cernentibus
1593 1165 1665 1240 uod

456 1269 635 1364 Johannes
661 1267 770 1358 Giles,
799 1269 923 1371 Major
949 1270 1034 1344 ville
1063 1272 1242 1361 Dovorre,
1260 1269 1403 1345 nomine
1423 1270 1538 1344 tocius
1556 1193 1667 1342 gorn-

458 1369 643 1444 munitatis
668 1368 827 1470 ejusdem
855 1371 951 1464 ville,
978 1370 1125 1446 tradidit
1151 1372 1195 1448 ad
1223 1369 1320 1446 feodi
1347 1371 1487 1444 firmam
1513 1368 1666 1466 Johanni

459 1473 587 1563 Boner,
605 1487 721 1560 naute,
750 1470 794 1547 de
819 1473 997 1562 Dovorra,
1023 1473 1200 1573 quandam
1216 1473 1370 1571 placeam
1387 1487 1481 1547 terre
1491 1470 1666 1573 jacentem

458 1571 551 1646 infra
566 1571 767 1646 libertatem
784 1589 909 1670 portus
931 1574 1097 1649 Dovorre
1123 1573 1161 1648 in
1187 1573 1400 1664 Delfwarde
1424 1573 1516 1646 inter
1536 1588 1666 1646 terram

458 1671 630 1769 Johannis
646 1673 790 1772 Monyn
807 1698 929 1748 versus
949 1673 1143 1765 northeast,
1159 1690 1195 1748 et
1215 1689 1343 1748 terram
1359 1674 1532 1769 Johannis
1547 1669 1667 1746 Ofber

459 1799 583 1850 versus
606 1775 810 1864 southvest,
828 1791 864 1848 et
881 1774 1101 1876 mesuagium
1118 1774 1204 1850 dicti
1221 1775 1391 1869 Johannis
1408 1799 1530 1850 versus
1545 1773 1669 1847 north-

462 1890 558 1966 vest,
586 1889 623 1948 et
650 1891 780 1949 terram
807 1874 980 1950 heredum
1007 1875 1105 1950 Petri
1133 1877 1252 1951 Reade
1280 1901 1402 1951 versus
1436 1873 1665 1951 southeasth:

462 1975 611 2049 habend'
628 1991 665 2049 et
681 1973 824 2050 tenend’
842 1977 1037 2074 predictam
1078 1974 1208 2050 laceam
1224 1994 1317 2052 terre
1334 2001 1416 2051 curn
1446 1973 1671 2075 pertinenciis

460 2076 533 2150 suis
562 2073 701 2174 prefato
729 2075 896 2172 Johanni,
927 2001 1115 2152 heredidus
1147 2094 1184 2151 et
1212 2078 1397 2179 assignatis
1425 2079 1508 2170 suis,
1538 2076 1670 2175 imper-

463 2192 639 2278 petuum:
692 2173 840 2251 faciend'
891 2177 975 2252 inde
1018 2177 1206 2252 servicium
1248 2178 1386 2254 domini
1427 2179 1519 2278 regis
1555 2200 1669 2277 quum

462 2276 619 2352 evenerit
635 2277 829 2352 secundum
846 2278 1137 2353 consuetudinem
1161 2296 1286 2377 portus
1310 2279 1515 2379 supradicti,
1533 2301 1669 2352 necnon

463 2376 602 2476 capitali
631 2378 780 2453 domino
808 2376 905 2453 feodi
934 2378 1030 2454 illius
1059 2379 1179 2454 omnia
1203 2381 1348 2455 servicia
1376 2378 1497 2456 debita
1523 2379 1606 2453 inde
1633 2395 1671 2451 et

462 2495 652 2553 consueta:
679 2495 717 2553 et
733 2479 904 2555 reddend’
921 2479 1006 2556 inde
1022 2481 1202 2555 annuatim
1227 2482 1384 2580 predicte
1409 2479 1670 2555 Communitati

465 2606 577 2654 unum
594 2579 780 2654 denarium
797 2578 943 2655 infesto
960 2581 1075 2656 Sancti
1092 2581 1263 2678 Johannis
1282 2581 1439 2681 Baptiste
1453 2605 1464 2671 3
1489 2597 1527 2657 et
1542 2605 1671 2681 quum-

465 2707 606 2782 cunque
631 2681 790 2780 predicta
813 2707 930 2756 annua
949 2681 1052 2757 firma
1070 2699 1187 2758 aretro
1202 2680 1312 2757 fuerit
1328 2683 1449 2783 aliquo
1465 2707 1561 2757 anno
1578 2681 1672 2755 ultra

465 2782 658 2858 terminum
685 2781 885 2882 predictum
912 2807 974 2882 per
1001 2808 1114 2857 unum
1140 2808 1274 2857 annum
1301 2799 1387 2858 tunc
1409 2783 1511 2858 liceat
1536 2779 1670 2883 Majori

463 2883 548 2960 ville
574 2882 742 2983 predicte,
769 2883 831 2985 qui
861 2909 929 2984 pro
945 2899 1106 2983 tempore
1122 2882 1244 2976 fuerit,
1263 2884 1393 2958 dictam
1411 2883 1564 2984 placeam
1580 2899 1673 2957 terre

464 3010 548 3060 cum
565 2983 791 3082 pertinenciis
806 2984 889 3074 suis,
907 2985 952 3060 ad
968 3009 1280 3087 quorumcumque
1303 3009 1428 3060 manus
1452 2985 1672 3084 inposterum

466 3084 660 3175 devenerit,
687 3085 877 3186 reingredi,
905 3086 1087 3177 reintrare,
1115 3101 1153 3161 et
1177 3085 1319 3186 pacifice
1343 3085 1522 3185 possidere
1545 3084 1611 3159 sibi
1637 3100 1673 3158 et

468 3186 724 3261 successoribus
755 3187 827 3260 suis
860 3187 909 3261 irn
1019 3204 1147 3261 tuum:
1182 3187 1233 3262 Et
1262 3187 1443 3286 predictus
1470 3185 1602 3304 Major,
1637 3202 1674 3258 et

468 3311 681 3362 successores
714 3288 782 3376 sui,
815 3312 855 3361 ac
896 3212 1143 3364 (pgnrpemmm
1179 3287 1351 3404 predicta,
1394 3286 1675 3364 warantizabunt

469 3388 664 3563 predictam
691 3385 844 3486 placeam
871 3402 964 3462 terre
990 3413 1072 3464 cum
1144 3389 1324 3464 rtrnenciis
1349 3387 1489 3488 prefato
1507 3385 1674 3484 Johanni,

495 3487 658 3564 eredibus
682 3505 718 3562 et
735 3487 918 3589 assignatis
934 3488 1017 3581 suis,
1044 3489 1082 3563 in
1114 3514 1214 3564 orma
1229 3490 1395 3589 predicta,
1413 3505 1537 3566 contra
1552 3513 1676 3564 omnes

493 3605 600 3666 entes

469 3616 494 3691 g
547 3690 589 3763 In
616 3689 718 3790 cujus
743 3691 794 3763 rei
821 3689 1065 3766 testimonium
1091 3706 1165 3766 tarn
1189 3690 1348 3792 sigillum
1366 3692 1566 3794 Majoratus
1582 3691 1676 3765 dicte

471 3790 554 3866 ville
579 3815 687 3891 quam
712 3789 870 3891 sigillum
896 3791 1004 3891 ipsius
1023 3791 1195 3889 Johannis
1211 3793 1409 3868 alternatim
1425 3807 1509 3867 sunt
1526 3815 1677 3892 appensa

470 3893 553 3968 huic
579 3891 776 3969 indenture·

547 3995 641 4068 Data
665 3996 831 4068 Dovorra
854 3993 961 4070 ixmo.
991 3993 1047 4068 die
1064 3994 1150 4090 Julii
1180 4020 1274 4069 anno
1291 3994 1390 4095 regni
1408 3993 1517 4095 Regis
1535 3993 1677 4069 Ricardi

472 4095 617 4170 secundi
643 4093 921 4196 quintodecimo.

477 4417 586 4517 [135]
