3738 5258
808 435 989 512 DOVER
1015 435 1296 514 CHARTERS

967 634 1139 716 XLII.

827 807 887 892 xvj
908 809 1050 894 Aprllis,
1073 823 1113 894 19
1134 809 1211 879 Rlc.
1234 810 1281 879 11.

447 961 594 1038 Sciant·
623 979 802 1064 presentes
826 980 862 1040 et
886 964 1001 1040 futuri
1053 965 1126 1040 uod
1152 991 1216 1040 nos
1240 966 1420 1061 Johannes
1449 965 1595 1064 Beneyt,
1620 981 1657 1038 et

448 1064 608 1138 Thomas
646 1064 818 1157 Coumbe,
852 1066 981 1154 clerici,
1012 992 1195 1142 liendcus
1224 1067 1384 1161 Petbam,
1413 1083 1450 1141 et
1477 1066 1657 1161 Johannes

451 1164 608 1257 Petham,
626 1166 671 1240 de
689 1169 865 1259 Dovorra,
886 1167 1049 1243 dedimus
1079 1167 1314 1244 concessimus
1342 1185 1391 1258 et,
1414 1167 1479 1241 hac
1504 1167 1656 1268 presenti

448 1283 542 1340 carta
583 1283 704 1341 nostra
746 1268 938 1358 indentata,
981 1268 1280 1357 confirmavimus,
1320 1267 1476 1363 Johanni
1522 1267 1656 1366 Wylle,

448 1391 642 1466 corveyser,
661 1369 706 1444 de
732 1371 906 1458 Dovorra,
923 1385 959 1443 et
984 1369 1110 1461 Alicie,
1138 1370 1241 1444 uxori
1265 1369 1352 1472 ejus,
1378 1370 1533 1471 quodam
1559 1384 1657 1443 tene-

449 1485 610 1543 mentum
628 1486 789 1545 nostrum
806 1495 887 1545 cum
905 1470 978 1544 suis
993 1471 1215 1570 pertinenciis
1232 1471 1424 1545 scituatum
1441 1467 1533 1544 infra
1552 1469 1657 1543 liber·

449 1585 558 1644 tatem
587 1587 712 1669 portus
739 1573 905 1648 Dovorre
940 1571 977 1643 in
1013 1571 1328 1664 halvendelwarde,
1358 1569 1533 1665 videlicet,
1562 1570 1657 1645 inter
1739 1603 1748 1626 s

448 1671 581 1771 regiam
607 1685 751 1746 stratam
769 1697 889 1746 versus
905 1673 1078 1766 southest,
1095 1688 1131 1746 et
1148 1673 1326 1773 quandam
1344 1673 1517 1746 venellam
1535 1695 1657 1746 versus

449 1772 621 1864 northest,
637 1789 674 1846 et
692 1788 934 1848 tenementum
958 1773 1133 1848 Willelmi
1159 1775 1295 1849 Knotte
1321 1799 1442 1847 versus
1466 1772 1658 1847 southwest

449 1888 486 1945 et
515 1872 732 1948 northwest:
773 1872 923 1947 habend'
951 1889 989 1948 et
1017 1873 1161 1949 tenend’
1189 1874 1388 1975 predictum
1415 1889 1656 1948 tenementum

450 1997 532 2046 cum
561 1972 633 2046 suis
662 1973 887 2072 pertinenciis
915 1975 1081 2072 predictis
1117 1975 1270 2070 Johanni
1309 1973 1430 2075 Wylle
1465 1991 1502 2050 et
1530 1974 1657 2066 Alicie,

451 2071 639 2147 heredibus
654 2091 690 2148 et
705 2075 888 2175 assignatis
908 2075 1019 2174 ipsius
1043 2076 1195 2169 Johanni
1214 2075 1337 2174 Wylle
1367 2077 1654 2174 imperpetuum:

451 2172 614 2250 ffaciend'
628 2175 710 2249 inde
722 2176 910 2250 servicium
923 2176 1059 2249 domini
1073 2177 1166 2276 regis
1182 2200 1263 2248 cum
1280 2177 1445 2252 acciderit
1463 2177 1656 2250 seeundum

450 2275 745 2350 consuetudinem
770 2292 895 2374 portus
920 2276 1093 2376 predicti:
1122 2277 1172 2350 Et
1189 2277 1360 2350 reddend’
1378 2277 1459 2350 inde
1476 2277 1657 2350 annuatim

451 2375 618 2474 predictis
641 2377 794 2472 Johanni
820 2378 967 2474 Beneyt,
990 2377 1146 2470 Thome,
1164 2377 1338 2469 Henrico,
1359 2394 1395 2452 ct
1412 2376 1564 2470 Johanni
1583 2375 1658 2450 filio

450 2477 607 2551 e‘usdem
626 2477 789 2571 Henrici‚
806 2477 994 2552 heredibus
1010 2493 1046 2552 et
1063 2479 1246 2576 assignatis
1262 2479 1333 2551 suis
1350 2477 1388 2551 in
1413 2477 1505 2551 festo
1531 2475 1657 2550 Natale

450 2501 586 2651 domini
604 2579 839 2679 quadraginta
855 2579 1017 2654 denarios
1041 2579 1315 2678 sterlingorum:
1345 2579 1396 2652 Et
1421 2578 1450 2651 si
1476 2578 1658 2678 contingat

452 2678 650 2777 predictum
676 2680 856 2754 redditum
881 2681 927 2756 ad
953 2681 1146 2754 terminum
1176 2681 1375 2778 predictum
1406 2680 1443 2753 in
1472 2694 1571 2777 parte
1602 2677 1657 2751 vel

452 2781 488 2853 in
527 2796 607 2855 toto
644 2781 765 2882 aliquo
800 2806 892 2854 anno
921 2797 1038 2854 aretro
1065 2781 1214 2855 existere
1242 2795 1373 2854 extunc
1396 2779 1497 2854 liccat
1525 2779 1658 2853 eisdem

451 2881 605 2977 Johanni
632 2883 778 2980 Beneyt,
802 2883 958 2975 Thome,
985 2880 1159 2976 Henrico,
1184 2898 1220 2956 et
1239 2882 1393 2976 Johanni
1411 2881 1485 2955 filio
1501 2880 1659 2982 ejusdem

452 2981 617 3076 Henrici‚
642 2982 829 3058 heredibus
863 3000 899 3056 et
933 2983 1118 3082 assignatis
1153 2982 1226 3056 suis
1260 2983 1298 3056 in
1333 2982 1533 3080 predictum
1559 2997 1658 3054 tene-

453 3100 616 3158 mentum
645 3108 727 3157 cum
755 3084 828 3160 suis
856 3083 1080 3184 pertinenciis
1108 3083 1330 3184 distringere,
1355 3099 1392 3156 et
1420 3081 1660 3156 districciones

453 3199 568 3281 captas
596 3181 766 3259 abducere
794 3201 831 3258 et
860 3210 966 3283 penes
989 3210 1026 3258 se
1051 3183 1200 3258 retinere
1225 3209 1413 3284 quousque
1437 3183 1482 3258 de
1498 3183 1660 3282 predicto

453 3283 596 3358 redditu
612 3287 662 3360 sic
678 3301 795 3360 aretro
811 3285 982 3358 existente
1004 3310 1074 3358 una
1098 3310 1179 3359 cum
1204 3285 1366 3384 dampnis
1390 3284 1573 3358 occacione
1598 3284 1660 3357 de-

452 3385 624 3460 tencionis
652 3386 739 3460 dicti
765 3385 927 3461 redditus
952 3385 1081 3459 habitis
1105 3385 1258 3483 plenarie
1283 3385 1392 3460 fuerit
1416 3383 1656 3458 satisfactum:

453 3500 490 3558 et
515 3487 544 3557 si
570 3487 752 3588 contingat
777 3484 977 3586 predictum
1001 3484 1183 3560 redditum
1208 3501 1325 3560 aretro
1341 3511 1414 3560 esse
1431 3485 1468 3559 in
1486 3502 1585 3584 parte
1602 3483 1658 3557 vel

454 3585 491 3659 in
517 3601 597 3661 toto
622 3611 685 3686 per
710 3613 820 3661 unum
846 3611 979 3660 annum
1000 3601 1038 3660 et
1060 3613 1173 3662 unum
1188 3587 1297 3680 diem,
1314 3603 1442 3660 extunc
1459 3584 1562 3660 liceat
1579 3610 1660 3683 pre-

454 3685 558 3760 dictis
585 3687 740 3782 Johanni
773 3689 919 3785 Beneyt,
948 3687 1102 3782 Thome,
1134 3687 1308 3781 Henrico,
1337 3704 1373 3762 et
1401 3687 1555 3783 Johanni
1585 3685 1660 3758 filio

454 3787 611 3888 ejusdem
637 3787 803 3882 Henrici‚
829 3786 1017 3862 heredibus
1042 3803 1077 3862 et
1103 3788 1288 3890 assignatis
1312 3788 1383 3863 suis
1409 3789 1444 3860 in
1461 3787 1659 3886 predictum

455 3904 697 3964 tenementum
722 3915 804 3964 cum
829 3889 901 3962 suis
927 3889 1150 3987 pertinenciis
1172 3889 1350 3982 reintrare,
1370 3904 1407 3962 et
1424 3889 1513 3963 illud
1530 3889 1661 3986 imper·

456 4005 602 4088 petuum
629 4016 734 4090 penes
759 4015 795 4064 se
820 3990 946 4064 habere
970 4006 1007 4064 et
1032 3990 1224 4092 assignatos
1246 4015 1330 4065 suos
1345 3990 1382 4063 in
1399 3989 1550 4089 pristino
1567 4005 1661 4062 statu

456 4091 596 4187 pacifice
642 4091 844 4190 possidere:
890 4091 940 4165 Et
982 4115 1047 4164 nos
1090 4090 1237 4189 predicti
1287 4091 1465 4186 Johannes
1515 4091 1661 4188 Beneyt,

456 4189 627 4283 Thomas,
657 4192 847 4283 Henricus,
873 4209 909 4265 et
933 4192 1111 4285 Johannes
1137 4193 1296 4284 Petham
1320 4209 1356 4265 et
1381 4191 1526 4265 heredes
1552 4190 1662 4263 nostri

457 4292 656 4389 predictum
684 4309 924 4368 tenementum
950 4317 1033 4368 cum
1058 4293 1134 4367 aliis
1160 4291 1324 4368 omnibus
1350 4293 1575 4392 pertinenciis
1591 4290 1663 4365 suis
