3756 5270
458 489 528 564 226
816 485 994 560 DOVER
1022 483 1302 558 CHARTERS

948 785 1039 865 LX
1051 784 1096 863 X
1109 784 1127 863 l
1142 784 1174 865 Ι.

801 982 828 1027 x
851 961 1067 1040 Decembris,
1089 973 1131 1039 ³0
1153 959 1244 1026 Heu.
1265 959 1327 1025 VI.

457 1118 644 1191 Omrtmus
672 1115 807 1192 Christi
833 1112 996 1187 fidelibus
1022 1112 1066 1186 ad
1100 1137 1193 1212 quos
1221 1138 1363 1210 presens
1389 1114 1560 1211 scriptum
1588 1137 1667 1210 per-

458 1219 593 1291 venerit
611 1217 738 1290 visuris
754 1217 810 1290 vel
828 1215 1002 1289 audituris
1018 1237 1086 1314 ego
1112 1215 1273 1287 Dionisia
1298 1215 1378 1286 Yve
1400 1213 1445 1286 de
1471 1214 1666 1302 Bokeland,

453 1320 557 1421 juxta
567 1317 975 1392 Dovorram—Salutem
986 1315 1022 1388 in
1033 1315 1182 1388 domino
1193 1314 1452 1412 sempiternam.
1484 1315 1668 1388 Noveritis

461 1446 518 1494 me
534 1419 706 1518 prefatam
724 1417 922 1492 Dionisiam
940 1417 1112 1489 remisisse
1128 1415 1295 1488 relaxasse
1311 1433 1347 1489 et
1364 1417 1511 1488 omnino
1527 1440 1595 1514 pro
1612 1441 1667 1488 me

459 1539 495 1596 et
522 1521 709 1595 heredibus
737 1521 822 1593 meis
847 1519 1109 1618 imperpetuum
1165 1517 1301 1589 uictum
1331 1517 1493 1590 clamasse
1520 1517 1668 1590 domino

460 1623 604 1695 Thome
631 1623 754 1718 Moys,
783 1619 962 1718 Magistro
986 1619 1116 1691 domus
1139 1543 1197 1692 dei
1225 1619 1399 1706 Dovorre,
1416 1618 1575 1719 ejusdem
1600 1617 1667 1690 loci

460 1721 707 1811 confratribus,
735 1738 770 1794 et
804 1745 928 1793 eorum
958 1718 1213 1793 successoribus
1241 1735 1360 1792 totum
1392 1721 1446 1792 'us
1480 1744 1598 1790 meum
1633 1735 1669 1790 et

461 1825 633 1898 clameum
650 1823 749 1921 quod
775 1821 879 1894 habui
897 1820 1008 1894 habeo
1031 1822 1087 1892 vel
1105 1821 1142 1893 in
1161 1818 1323 1893 futurum
1341 1746 1466 1893 hadere
1483 1836 1609 1918 potero
1624 1820 1669 1893 de

461 1943 497 1998 et
531 1924 568 1997 in
595 1949 666 1996 una
690 1949 768 1996 acra
792 1939 827 1994 et
853 1921 966 1994 tribus
995 1921 1092 1994 rodis
1117 1937 1315 1993 terrerum
1345 1921 1417 1994 suis
1446 1920 1670 2021 pertinenciis

462 2024 662 2124 pariterque
681 2023 878 2125 jacentibus
902 2023 940 2095 in
966 2020 1167 2095 Bockeland
1193 2022 1350 2120 predicta
1374 2023 1468 2120 apud
1494 2023 1526 2094 le
1552 2020 1671 2094 melle-

462 2125 580 2213 londe,
613 2149 700 2223 quas
733 2125 878 2222 quidem
912 2147 1027 2196 acram
1061 2139 1097 2194 et
1130 2140 1201 2195 tres
1233 2122 1336 2195 rodas
1366 2139 1456 2196 terre
1488 2148 1570 2196 cum
1600 2123 1671 2196 suis

462 2225 685 2324 pertinenciis
711 2249 881 2296 unacum
907 2223 982 2295 aliis
1004 2223 1106 2296 terris
1123 2239 1159 2295 et
1185 2224 1394 2297 tenementis
1418 2248 1496 2325 ego,
1514 2224 1671 2322 predicta

464 2326 634 2413 Dionisia,
648 2349 761 2424 nuper
786 2322 891 2397 habui
908 2349 951 2396 ex
975 2324 1074 2397 dono
1097 2339 1134 2396 et
1160 2321 1389 2398 ffeofamento
1409 2325 1453 2398 ad
1478 2327 1670 2398 terminum

465 2430 537 2500 vite
554 2451 631 2498 mee
647 2427 692 2500 de
707 2425 869 2520 Johanne
886 2423 1041 2522 Gybbes,
1054 2439 1090 2497 et
1106 2425 1266 2517 Johanne
1284 2425 1385 2498 Coke
1407 2455 1415 2498 :
1444 2427 1491 2498 ita
1506 2426 1672 2499 videlicet

463 2527 562 2627 quod
581 2551 644 2600 nec
659 2551 729 2626 ego
745 2524 879 2624 prefata
893 2525 1062 2614 Dionisia,
1080 2550 1193 2625 neque
1211 2527 1354 2598 heredes
1373 2527 1453 2615 mei,
1468 2551 1530 2599 nec
1547 2527 1673 2625 aliquis

463 2630 551 2702 alius
569 2627 711 2700 nomine
730 2643 862 2714 nostro,
880 2625 1013 2725 aliquid
1034 2625 1094 2726 jus
1113 2626 1205 2726 juris
1223 2625 1410 2726 [clameum
1427 2626 1503 2726 vel]
1526 2628 1671 2701 titulum

464 2731 501 2804 in
521 2729 688 2828 predictis
707 2753 785 2802 acra
809 2745 845 2802 et
867 2726 981 2800 tribus
1004 2728 1099 2800 rodis
1124 2743 1215 2799 terre
1236 2752 1317 2800 cum
1338 2727 1410 2800 suis
1435 2729 1672 2826 pertinenciis,

466 2858 528 2905 nec
562 2831 598 2902 in
632 2830 749 2928 aliqua
782 2827 930 2926 parcella
970 2827 1177 2913 eorundem,
1212 2828 1257 2901 de
1290 2845 1407 2903 cetero
1444 2830 1582 2929 exigere
1615 2830 1673 2903 vel

466 2933 648 3007 vendicare
666 2931 812 3004 clamare
839 2929 1044 3026 poterimus,
1062 2946 1114 3002 set
1131 2928 1175 3001 ab
1201 2928 1298 3002 omni
1316 2929 1456 3002 accione
1473 2929 1572 3030 [inde
1584 2931 1675 3030 juris

465 3059 527 3132 per
544 3048 721 3130 presentes
734 3029 861 3130 simus]
878 3029 1008 3103 exclusi
1025 3029 1296 3126 imperpetuum.

541 3133 583 3205 In
625 3131 725 3232 cujus
774 3132 822 3204 rei
867 3129 1110 3204 testimonium
1152 3133 1304 3227 presenti
1356 3131 1511 3231 sigillum
1554 3159 1672 3206 meum

465 3262 485 3307 a
577 3259 624 3310 ui.

486 3259 677 3406 ppossatum
693 3333 788 3430 apud
808 3330 1009 3404 Eockeland
1030 3331 1222 3428 prodictam
1239 3332 1378 3407 decimo
1394 3333 1453 3406 die
1469 3333 1676 3406 Decembris

465 3433 681 3550 annoregni
701 3433 809 3531 Regis
834 3430 1013 3530 [Henrici,
1033 3433 1121 3506 sexti
1148 3432 1245 3533 post]
1271 3452 1504 3533 conquestum
1530 3435 1671 3533 Anglie,

465 3553 643 3708 triceffitp
644 3591 832 3707 testibus:
858 3633 1019 3726 Johanne
1045 3634 1216 3729 Gybbes;
1241 3635 1404 3727 Johanne
1429 3635 1556 3724 Coke;
1587 3638 1675 3711 Bar-

466 3737 647 3911 tailripgomeo
665 3733 798 3821 Goier;
826 3734 1011 3806 Willclmo
1033 3735 1240 3831 Ketynton3
1270 3735 1378 3807 Petro
1395 3735 1579 3835 Ketynton
1603 3762 1613 3825 ;
1639 3756 1674 3811 et
